3216 5408
229 519 429 594 Achillema
447 516 592 592 Thetide
618 507 952 614 genitum-AEneam
978 538 998 590 a
1024 515 1168 592 Venere.
1188 516 1277 612 Ergo
1292 514 1339 589 nil
1353 506 1487 589 'mirum

197 624 199 627 ⁸
228 636 309 711 deos
328 632 516 733 saepissime
550 631 694 730 Olympo
729 631 887 731 delapsos
916 631 1006 708 inter
1029 632 1303 729 consanguineos
1319 627 1438 705 adesse
1455 639 1489 705 et

228 775 299 827 suae
311 751 407 849 stirpi
425 773 527 849 opem
543 748 688 840 afferre3
708 750 800 824 unde
813 749 854 823 fit
868 758 906 823 ut
937 750 1061 847 duplex
1077 750 1114 822 in
1130 748 1341 824 carminibus
1357 748 1488 823 Home·

98 955 99 960 Ἰ
228 866 307 942 ricis
331 889 448 941 rerum
474 864 578 967 series
603 864 789 956 evolvatur,
822 865 906 939 dum
943 865 1109 964 quidquid
1136 864 1173 938 in
1205 865 1306 941 terris
1335 875 1369 939 et
1396 865 1488 963 apud

146 1018 150 1024 ·
229 1003 372 1079 superos
397 988 536 1077 geratur
563 992 666 1083 poeta
698 980 815 1055 refert.
850 981 969 1080 Neque
998 993 1118 1080 postea
1148 982 1239 1081 apud
1268 973 1487 1057 herdioorum

230 1095 424 1171 carminum
456 1089 640 1194 scriptores
670 1095 853 1172 discidium
872 1108 970 1172 terrae
986 1098 1130 1197 coelique
1155 1098 1282 1179 lactum
1305 1120 1378 1173 esse
1390 1121 1488 1195 repe·

229 1212 360 1302 rimus,
393 1212 470 1310 qui,
497 1213 705 1312 exemplaria
733 1214 918 1290 Homerica
943 1239 1077 1292 versare
1107 1225 1141 1291 et
1168 1216 1312 1290 adorare
1342 1215 1488 1307 assueti,

204 1398 206 1402 ,
229 1328 422 1404 libertatern
436 1327 519 1403 satis
534 1338 651 1426 aptam
665 1329 917 1406 recentioribus
936 1331 1126 1429 disciplinis
1150 1343 1316 1428 usurpare
1329 1353 1399 1405 non
1415 1330 1488 1406 ausi

118 1453 119 1458 ’
230 1456 324 1519 sunt.

98 1577 99 1580 ‘
175 1587 177 1591 ’
276 1559 441 1636 Proxima
466 1564 569 1658 regiae
608 1561 780 1657 majestati
822 1572 926 1659 atque
954 1563 1090 1660 imperii
1124 1563 1296 1660 particeps
1328 1561 1488 1637 nobilitas

229 1671 357 1778 (ἄριστοι,
388 1679 525 1772 ἀριστῆες)
547 1677 630 1768 suit,
653 1701 729 1775 quae
748 1700 768 1752 a
786 1679 907 1777 primis
927 1678 993 1753 illis
1011 1678 1117 1779 initiis
1136 1703 1251 1753 rerum
1276 1679 1488 1755 administra-

231 1794 315 1870 tioni
329 1794 493 1869 interesse
508 1793 713 1887 assuefacta,
732 1804 849 1907 postea
863 1795 999 1893 regium
1023 1817 1127 1870 omne
1145 1794 1331 1896 imperium
1351 1796 1488 1891 penitus
1575 1819 1576 1823 ¹

231 1911 370 1988 sustulit
398 1911 623 2010 abolevitque.
658 1911 768 2008 Hujus
798 1912 969 2010 principes
997 1913 1077 1988 dicti
1100 1926 1248 2000 γέροντες,
1272 1936 1348 2009 quae
1369 1914 1488 2010 appel-

230 2027 311 2103 latio
325 2028 367 2101 ad
384 2027 598 2124 dignitatem,
617 2049 688 2101 non
704 2028 747 2101 ad
764 2038 902 2101 aetatem
924 2027 1083 2124 pertinet,
1101 2050 1207 2124 quum
1226 2027 1316 2102 inter
1352 2040 1489 2113 ’γέροντας

228 2143 367 2240 Ajaces,
381 2141 567 2233 Menelaus,
584 2142 781 2234 Diomedes,
823 2142 961 2240 Ulysses
990 2142 1225 2231 nominentur,
1243 2141 1487 2238 quicertenon

160 2266 163 2275 '
228 2257 419 2334 senioribus
434 2257 689 2334 annumerandi
713 2270 794 2332 sunt
826 2257 1015 2334 obsidionis
1043 2244 1154 2354 Trojae
1179 2255 1408 2352 temporibus.
1428 2256 1488 2347 His

228 2370 355 2472 magna
380 2375 417 2449 in
444 2374 621 2472 republica
646 2375 799 2473 gerenda
821 2397 914 2472 pars,
940 2372 1155 2472 quumnulla
1165 2372 1308 2470 alicujus
1321 2373 1486 2447 moment'

48 2541 50 2545 .
163 2585 164 2588 Ἴ
227 2513 282 2565 res
295 2490 336 2565 iis
353 2490 557 2566 inconsultis
583 2490 718 2566 decerni
751 2489 885 2564 soleret.
916 2489 1048 2564 llo'rum
1084 2488 1271 2563 auctoritas
1286 2487 1489 2585 suppetebat

226 2607 365 2705 regibus
383 2607 418 2681 in
440 2607 600 2696 consilio,
624 2608 716 2704 quod
748 2605 930 2681 consilium
955 2621 1042 2690 ponar
1068 2619 1218 2694 γερόντων,
1241 2605 1308 2702 ipsi
1333 2619 1489 2694 parumper

227 2725 403 2800 dicuntur.
1188 2791 1195 2806 ,
1248 2798 1250 2802 Α
1560 2809 1562 2812 ¹

268 2824 1486 2940 Exemplaexlliadedeprornpsimusquiaelariora,quanquamnecnon

226 2957 262 3033 in
277 2957 424 3055 Odyssea
440 2955 591 3058 plurima
616 2957 785 3032 invenies:
814 2957 897 3032 satis
911 2955 978 3032 erit
990 2956 1175 3031 admonere
1190 2957 1349 3032 eamdem
1363 2955 1487 3054 agendi

227 3073 397 3150 rationem
432 3072 523 3146 inter
567 3072 866 3169 Agamemnonem
918 3084 1128 3176 ceterosque·
1167 3073 1335 3148 exercitus
1384 3074 1503 3148 duces'

226 3191 439 3267 intercedere
458 3212 533 3286 quae
547 3188 583 3261 in
597 3189 741 3291 singulis
771 3189 964 3265 civitatibus
978 3181 1202 3287 interregem
1213 3198 1248 3263 et
1267 3189 1438 3286 primores
1450 3189 1485 3262 in
1549 3232 1551 3237 ·

227 3318 391 3384 usuerat.
761 3381 764 3392 ζ
1033 3337 1034 3346 ¹

139 3407 152 3420 ’
276 3423 408 3522 Saepius
425 3445 521 3519 reges
538 3422 700 3497 dicuntur
710 3435 865 3520 pastores
879 3424 1073 3514 hominum,
1096 3419 1196 3497 dulce
1209 3444 1335 3495 nomen
1348 3419 1482 3516 simpli·
1582 3409 1587 3423 '

227 3541 433 3640 citatumque
448 3540 661 3637 antiquitatis
674 3540 848 3629 redolens,
861 3565 898 3616 re
911 3554 1029 3616 antem
1045 3540 1274 3637 aptissimum,
1291 3561 1399 3636 quum
1415 3535 1484 3611 n'on

228 3655 528 3754 multumagregis
539 3655 734 3730 conditione
747 3656 843 3752 plebs
856 3656 1002 3731 abesset.
1015 3655 1485 3752 legimusdgamemnonem

227 3774 412 3867 exercitum
426 3774 461 3848 in
477 3773 680 3848 concionem
711 3795 914 3847 convocasse
940 3783 974 3864 et
999 3771 1110 3846 lallaoi
1130 3770 1283 3845 oratione
1301 3767 1376 3867 quae
1393 3793 1486 3845 com·
1570 3864 1573 3869 ‚

227 3890 410 3966 munisde
434 3889 528 3965 bello
553 3887 723 3963 sententia
752 3899 842 3963 esset
864 3888 1073 3986 quaesivisse;
1096 3886 1252 3984 Ulyssem
1271 3911 1364 3979 vero,
1378 3910 1485 3985 quum

226 4030 287 4104 spe
321 4006 452 4082 reditus
480 4005 605 4080 milites
631 4006 674 4080 ad
703 4028 806 4080 naves
847 4006 1053 4095 evolassent,
1088 4003 1346 4079 multitudinem
1382 4016 1486 4078 retra·

225 4120 314 4196 xisse
332 4121 500 4219 primores
532 4119 654 4196 leniter
679 4121 889 4212 mulcendo,
918 4132 1056 4207 eeteros
1080 4119 1227 4216 graviter
1262 4120 1480 4217 castigando.

228 4237 339 4323 Quem
369 4236 484 4312 locum
513 4233 671 4312 Socrates
694 4237 751 4312 ille
769 4260 876 4334 quum
893 4260 981 4333 saepe
1000 4237 1145 4311 florente
1162 4236 1372 4310 democratia
1399 4233 1487 4309 reci·

133 4352 140 4367 '
226 4361 300 4428 tare
312 4350 434 4427 solitus
453 4363 566 4444 esset,
584 4336 846 4428 Atheniensium
862 4351 987 4426 dicitnr
1009 4351 1042 4424 in
1067 4374 1104 4424 se
1130 4349 1293 4424 invidiam
1328 4370 1486 4424 commo-

227 4469 313 4544 visse
344 4470 392 4568 (l)
420 4495 428 4541 :
459 4493 523 4545 nec
561 4470 689 4546 mirum
724 4493 763 4544 ea
796 4480 1016 4568 tempestate,
1055 4490 1163 4564 quum
1187 4457 1297 4564 ¹leges
1328 4465 1487 4563 benignae

226 4607 326 4681 aequa
338 4584 418 4682 jura
450 4585 579 4660 civibus
607 4585 768 4661 omnibus
791 4584 992 4675 sanxissent,
1022 4582 1078 4656 tali
1109 4582 1260 4679 patriciae
1274 4580 1486 4679 impotentiae

265 4831 299 4903 ll]
320 4832 470 4905 Xenoph.,
486 4835 610 4891 Memor.
633 4849 659 4906 1,
675 4840 723 4893 58.
