3216 5408
765 1515 819 1605 lll

331 1746 367 1794 De
383 1745 416 1794 iis
432 1760 490 1808 quae
506 1746 533 1794 in
549 1745 694 1809 Sophoclea
710 1747 799 1797 fabula
816 1748 900 1796 civem
913 1745 1100 1796 Atheniensem
1112 1741 1260 1830 declarant..

215 2223 388 2297 Hactenus
404 2244 444 2296 ea
466 2221 501 2294 in
530 2220 728 2317 Sophocleis
757 2219 881 2293 sabulis
903 2215 1211 2292 animadvertimus
1229 2238 1305 2312 quae
1334 2217 1428 2313 apud

168 2340 357 2437 quamlibet
375 2337 531 2411 Graecam
554 2348 692 2432 gentem
717 2335 786 2409 sive
805 2335 1015 2432 antiquitatis
1041 2333 1193 2428 vestigia,
1217 2332 1286 2406 sive
1305 2356 1428 2409 recen-

170 2454 264 2528 tioris
280 2451 390 2527 aetatis
403 2450 528 2524 indicia
546 2448 762 2522 inveniantur
780 2474 787 2519 :
811 2470 904 2522 nuuc
925 2449 967 2522 de
979 2447 1020 2521 iis
1038 2468 1235 2544 quaeramus
1258 2468 1335 2543 quae
1346 2446 1428 2521 civis

168 2569 386 2657 Atheniensis
405 2591 493 2664 opus
509 2579 734 2662 temporaque
749 2562 890 2639 Periclis
911 2563 1098 2638 declarent.

218 2684 340 2758 Civitas
364 2680 581 2756 Atheniensis
613 2703 682 2754 uon
708 2678 810 2753 modo
839 2677 1054 2776 respublica,
1087 2678 1155 2752 sive
1181 2691 1331 2769 roureto,
1360 2690 1428 2772 est,

169 2823 288 2876 verum
306 2813 389 2879 πόλις
415 2808 674 2889 δημοκρατουμένη,
690 2807 772 2883 aut,
795 2807 834 2870 ut
856 2797 969 2871 verbis
989 2795 1119 2869 Latinis
1138 2808 1290 2889 utamur,
1311 2799 1429 2873 civitas

169 2917 296 3015 inqua
324 2918 404 3015 jura
433 2941 530 3014 aequa
558 2916 688 2991 civibus
716 2915 894 3010 perleges
926 2913 1129 2987 confirmata
1160 2914 1230 2988 sint
1255 2937 1430 3013 penesque
1482 2996 1485 3002 ,

169 3034 425 3109 multitudinem
451 3058 554 3111 omne
583 3031 768 3130 imperium
802 3031 858 3105 sit.
886 3030 939 3105 Ab
967 3030 1024 3103 illa
1053 3029 1160 3104 nobili
1186 3022 1432 3106 Salamiuiensi

169 3148 308 3224 victoria
330 3150 427 3248 plebs
448 3152 492 3248 (it
517 3162 626 3233 aomar,
655 3166 682 3216 aa
709 3149 833 3246 πλῆθος)
861 3171 940 3222 cum
970 3147 1193 3246 optimatibus
1222 3148 1325 3245 plane
1348 3173 1433 3224 exae-

170 3278 273 3365 quata
301 3277 368 3341 est:
387 3269 595 3367 jampridem
618 3267 752 3341 Solonis
785 3265 1037 3363 Clistheuisque
1061 3263 1226 3339 institutis
1259 3266 1381 3363 generi
1397 3277 1433 3341 et

172 3383 271 3458 claris
302 3385 474 3459 natalibus
503 3383 642 3480 antiqua
677 3381 826 3479 dignitas
856 3382 1016 3478 adempta
1045 3391 1139 3456 erat:
1176 3380 1306 3456 civibus
1339 3372 1433 3458 certe

171 3497 362 3572 distributis
392 3521 413 3572 a
440 3497 612 3572 Clistheue
638 3498 672 3568 iu
701 3497 820 3570 decem
854 3496 964 3570 tribus
991 3495 1105 3592 prisca
1137 3495 1315 3581 clientium
1352 3521 1432 3572 cum

172 3613 326 3710 patronis
352 3614 487 3688 vincula
517 3614 659 3688 omuino
689 3612 847 3686 videntur
875 3612 1041 3686 dissoluta
1062 3634 1149 3686 esse.
1178 3611 1223 3684 At
1252 3636 1332 3689 vero
1356 3604 1435 3711 post
1509 3694 1513 3703 ,

174 3729 364 3804 secundum
381 3729 559 3803 Persicum
572 3728 704 3802 bellum
719 3728 886 3802 Aristides
902 3727 960 3824 qui
980 3727 1189 3823 optimatum
1205 3726 1303 3823 prius
1319 3739 1434 3826 partes

175 3844 265 3918 tueri
278 3843 398 3919 solitus
408 3854 493 3944 erat,
505 3868 614 3942 quum
628 3845 756 3919 videret
770 3845 879 3941 plebis
904 3843 1102 3918 fortitudine
1129 3855 1303 3917 servatam
1320 3845 1436 3942 publi-

175 3983 251 4035 cam
270 3960 465 4035 libertatem
478 3984 563 4054 esse,
596 3984 705 4059 neque
730 3961 878 4036 consciae
895 3959 1107 4034 multitudini
1138 3982 1282 4033 suarum
1310 3962 1436 4035 virium

174 4076 389 4174 victoriisque
425 4078 521 4152 elatae
546 4079 619 4176 jam
640 4079 802 4175 denegari
830 4100 964 4175 aequam
994 4077 1191 4151 libertatem
1216 4099 1331 4174 posse,
1359 4078 1437 4152 tulit
1490 4068 1492 4072 ’

175 4192 286 4290 legem
299 4203 337 4268 ut
356 4192 495 4269 cuilibet
507 4194 570 4268 civi
587 4195 736 4291 ingenuo
753 4195 797 4270 ad
812 4216 967 4269 summos
988 4194 1140 4269 honores
1163 4185 1277 4268 aditus
1291 4204 1438 4293 pateret,

95 4388 102 4405 ,
175 4301 941 4408 exceptismodocer'tismagistratibusquibus
952 4307 1107 4406 pecuniae
1117 4306 1440 4405 publicaeadjuucta

134 4484 139 4493 .
176 4422 425 4498 administratio
438 4434 547 4499 esset:
563 4424 599 4497 in
618 4424 670 4516 iis,
688 4424 959 4515 necimmerito,
978 4445 1120 4498 censum
1135 4444 1366 4498 nummorum
1386 4446 1440 4497 re·
1529 4499 1535 4513 ,

177 4538 266 4636 quiri
275 4538 416 4636 placuit.
430 4539 625 4637 Eupatridis
640 4540 761 4615 relicta
771 4552 853 4615 sunt
866 4539 1023 4638 quaedam
1034 4537 1247 4625 sacerdotia3
1265 4536 1440 4628 divitibus,

178 4653 349 4754 majorum
366 4654 585 4754 vectigalium
597 4679 694 4732 onus.
709 4657 800 4754 Ergo
828 4656 934 4755 viguit
946 4678 1026 4729 vera
1049 4663 1223 4741 lupoque
1241 4653 1301 4727 ubi
1315 4653 1443 4751 juben·

180 4768 216 4844 di
232 4770 338 4869 leges,
353 4757 681 4870 exercendijudicia‚
701 4795 756 4847 res
792 4772 949 4871 publicas
974 4768 1242 4856 administrandi
1262 4769 1335 4868 jus,
1369 4771 1441 4845 imo

1233 4939 1251 4983 b
