3216 5408
222 508 375 584 Tandem
408 508 543 583 advenit
569 508 714 607 Ulysses·
736 510 794 606 qui
819 508 890 583 vult
925 508 1187 605 Agamemnona
1214 529 1235 581 a
1261 504 1428 602 sacrilego

172 624 309 720 incepto
328 625 515 699 deterrere.
545 624 640 698 Nova
673 624 778 722 igitur
814 625 924 700 oritur
950 631 1198 717 controversia,
1226 623 1286 698 sed
1315 621 1428 696 amico

172 739 332 836 prudenti
344 739 452 814 obniti
463 740 600 816 Atrides
618 763 689 815 non
700 742 846 816 sustinet
865 768 872 814 :
889 741 997 817 rictus
1015 741 1087 816 abit
1101 764 1165 816 nec
1191 740 1264 838 jam
1292 735 1429 836 sepeliri

172 854 427 952 Ajacemnetat.
839 933 842 940 ,
1260 922 1265 935 .

219 971 259 1045 ln
284 974 387 1069 longa
415 975 659 1072 disceptatione
689 974 801 1050 elucet
835 974 988 1071 locuples
1018 984 1128 1072 poetae
1160 975 1337 1071 ingenium
1370 971 1427 1068 qui

172 1088 292 1163 eadem
311 1088 404 1163 mille
422 1089 535 1164 modis
550 1089 770 1187 explicaverit
790 1115 797 1163 :
818 1091 879 1165 sed
908 1090 984 1186 quis
1014 1114 1084 1165 non
1113 1091 1261 1165 fateatur
1289 1087 1427 1186 poetam

172 1203 277 1278 ricem
293 1205 439 1279 oratoris
456 1216 491 1279 et
506 1204 672 1279 causidici
692 1207 897 1303 plerumque
917 1207 1124 1281 defendere?
1156 1204 1338 1281 Obmutuit
1365 1228 1427 1279 vox

172 1326 295 1393 canora
313 1318 508 1416 tragoediae:
521 1318 616 1394 abest
635 1319 902 1395 Homericorum
916 1321 1060 1395 heroum
1081 1320 1129 1394 vis
1144 1332 1179 1395 et
1210 1330 1304 1394 recta
1321 1319 1428 1393 auda-

172 1432 235 1508 cia.
251 1432 420 1508 Audimus
432 1443 597 1531 patronos
612 1457 710 1509 suam
724 1458 896 1532 quemque
912 1459 1050 1510 causam
1064 1435 1202 1532 optimis
1213 1430 1429 1533 argumentis

170 1560 307 1624 tuentes
353 1576 360 1622 :
394 1550 568 1625 andimus
597 1552 784 1642 urbanum,
821 1552 1016 1628 forensibus
1050 1551 1198 1649 negotiis
1224 1562 1258 1625 et
1289 1551 1428 1648 judiciis

170 1666 339 1757 innatum,
355 1689 396 1740 ac
409 1680 532 1764 sponte
550 1676 737 1742 occurrunt
756 1675 883 1752 profanu
897 1668 943 1740 illi
965 1667 1205 1742 Athenienses.

218 1780 335 1854 Pauca
348 1780 412 1855 alia
428 1781 582 1877 ejusdem
600 1782 736 1878 generis
754 1784 910 1880 exempla
928 1782 1158 1857 laudabimus.

191 1918 195 1927 ·
219 1895 501 1994 Quamprimum
526 1896 641 1993 prodit
664 1896 698 1970 in
720 1921 858 1973 scenam
893 1897 1149 1996 Chrysothemis
1181 1896 1302 1971 matris
1330 1897 1427 1993 jussa

45 2039 51 2053 ·
170 2035 358 2111 exsequens
384 2037 488 2110 qnam
515 2013 690 2088 somnium
718 2015 893 2111 quoddam
930 2013 1107 2103 exterruit,
1140 2014 1231 2087 inter
1254 2013 1426 2088 Electram

170 2140 205 2204 et
218 2152 372 2204 sororem
392 2129 503 2205 oritur
522 2129 706 2225 disputatio
722 2154 797 2227 quae
812 2145 884 2206 arte
904 2131 1069 2228 exquisita
1092 2141 1308 2227 parcentum
1327 2131 1428 2228 qnin—
1481 2223 1484 2228 ¹

171 2247 335 2344 quaginta
352 2269 468 2322 versus
487 2245 687 2319 deducitur:
715 2270 886 2342 nusquam
912 2271 993 2321 vera
1024 2259 1058 2321 et
1085 2246 1206 2320 callida
1236 2246 1428 2342 eloquentia

170 2361 297 2451 deficit,
311 2361 421 2435 lenior
432 2383 472 2435 ac
484 2359 600 2434 mitior
612 2361 646 2433 in
664 2359 1097 2459 Chrysothemideacrior,
1112 2361 1240 2448 lortior,
1252 2361 1428 2435 ardentior

170 2474 204 2547 in
219 2475 354 2551 Electra
374 2498 570 2572 :nusquam
589 2475 704 2550 deficit
724 2475 907 2572 prudentia
944 2487 977 2550 et
1007 2475 1148 2550 scientia
1177 2475 1310 2572 singula
1337 2487 1427 2572 apte,
1502 2511 1505 2519 ·

171 2593 339 2668 concinne
354 2591 577 2690 exprimendi.
601 2592 779 2688 Nusquam
800 2592 943 2688 quiescit
971 2603 1155 2666 certamen
1183 2605 1216 2665 et
1242 2591 1427 2683 eontentio,

171 2731 282 2805 neque
297 2707 485 2804 quidquam
504 2716 629 2802 praeter
647 2721 950 2802 veraargnmenta
965 2706 1111 2802 virgines
1130 2707 1321 2802 proferunt.

219 2821 256 2896 Si
271 2821 374 2918 paulo
403 2820 536 2916 longius
581 2820 748 2916 procedis,
775 2821 869 2895 vides
904 2821 1198 2917 Clytaemnestram
1222 2821 1265 2894 ab
1293 2820 1428 2895 Electra

170 2939 340 3014 rhetorice
355 2937 524 3013 confutari
541 2938 774 3033 convincique.
796 2937 968 3012 Lacessita
999 2959 1124 3032 nempe
1149 2947 1296 3010 amatre
1315 2939 1425 3012 audax

170 3056 299 3154 puellat
324 3056 445 3142 luerat,
457 3052 659 3151 veniamque
678 3076 818 3128 oausam
837 3054 963 3151 agendi
975 3053 1249 3149 impetraverata
1265 3053 1427 3151 olyram*
1543 3133 1545 3136 Α

170 3172 560 3267 nestraineautaneque
578 3170 707 3266 ingenii
738 3169 952 3245 contumacis
978 3169 1059 3244 satis
1091 3193 1211 3267 gnara.
1240 3171 1327 3245 Dato
1350 3173 1427 3270 jure

169 3287 279 3362 utitur
294 3287 397 3362 libere
407 3287 554 3376 Electra,
569 3309 681 3380 neque
697 3285 885 3382 quidquam
900 3299 1021 3362 contra
1035 3287 1236 3384 eloquentiae
1254 3299 1427 3385 praecepta

170 3414 300 3498 peccat.
710 3398 716 3409 '

220 3519 318 3615 Saepe
351 3518 453 3622 etiam
485 3540 504 3592 a
541 3519 615 3592 loro
645 3517 852 3614 judiciisque
885 3516 1075 3592 abhorrens
1098 3518 1287 3614 Sophoclea
1317 3519 1427 3594 oratio

171 3636 344 3732 sapientes
377 3645 549 3731 praecepta
579 3633 728 3708 scientiae
755 3634 878 3709 artisve
907 3636 1081 3710 tradentes
1116 3633 1245 3708 imitari
1272 3635 1425 3709 videtur:

171 3749 253 3824 hinc
272 3751 426 3847 disputat
442 3748 564 3843 Creon,
579 3748 673 3824 illino
688 3749 859 3846 Antigone
873 3761 906 3823 et
924 3750 1068 3824 Haemon
1086 3777 1095 3842 ;
1133 3748 1212 3825 hinc
1242 3750 1428 3847 Neoptole-

172 3889 263 3954 mus,
281 3866 536 3965 illincUlysses.

219 3983 271 4056 Ne
284 3982 382 4079 plura
400 4005 578 4080 aggerem,
592 3982 793 4080 Sophocleae
805 4004 962 4080 personae
985 3980 1265 4080 generedicendi
1285 3994 1429 4060 utuntur

171 4098 360 4196 saepissimo
388 4097 425 4170 in
453 4121 520 4193 quo
551 4108 730 4173 oratorum
757 4121 798 4173 ac
834 4097 1093 4173 dialecticorum
1129 4109 1219 4172 artes
1242 4122 1310 4174 non
1337 4123 1428 4195 aegre

170 4213 488 4309 deprehenduntnr.
508 4212 581 4287 lllio
596 4212 736 4309 quidem
760 4235 886 4310 genere
912 4212 966 4286 uti
991 4213 1195 4310 potuissent,
1229 4236 1268 4288 ac
1301 4214 1428 4312 tragica

169 4330 282 4426 poesis
301 4352 341 4404 eo
362 4341 523 4402 naturam
541 4327 653 4402 verius
666 4327 827 4424 exprimit
841 4352 908 4425 qno
927 4327 970 4403 ab
998 4341 1175 4403 oratorum
1192 4329 1324 4404 valritia
1351 4331 1428 4405 lon-

171 4445 246 4541 gius
262 4445 415 4520 dissidet.
431 4445 599 4520 causidici
621 4445 853 4542 dialecticique
882 4445 1022 4533 solertia
1053 4458 1087 4521 et
1112 4470 1257 4522 acumen
1285 4469 1362 4520 raro
1392 4445 1428 4521 in

171 4562 337 4659 tmgoedia
352 4586 453 4637 snum
473 4564 588 4638 locum
605 4562 749 4638 habent.
781 4563 834 4635 dil
858 4561 991 4637 dubitat
1009 4563 1195 4660 Sophocles
1213 4563 1248 4636 in
1270 4563 1427 4638 diverbiis

170 4676 438 4775 disputationem
452 4679 642 4775 producere
657 4701 750 4754 nunc
762 4678 1044 4772 cavillationibus,
1066 4703 1159 4756 nunc
1183 4679 1266 4754 locis
1280 4703 1299 4754 e
1313 4679 1426 4778 philo-

169 4792 461 4891 sophiarernmve
477 4794 695 4893 publicarum
718 4794 904 4891 prudentia
921 4796 1150 4897 depromptis.
1182 4796 1260 4872 Non
1277 4816 1318 4870 en
1341 4817 1423 4872 vera
