3216 5408
559 341 882 440 .·''..49..

118 477 378 574 ''Chaeroneam
401 499 852 596 fugatumaldacedonibus
872 525 961 593 esse,
983 518 1241 604 commemorat
1250 505 1412 583 mulieres
1524 538 1527 543 ·
1598 541 1600 544 ⁴

154 614 190 688 in
204 627 362 711 apertum
381 617 559 714 prodiisse.
1424 686 1434 695 .

203 730 247 803 At
262 741 382 805 contra
397 731 551 806 videmus
577 732 612 804 in
641 732 745 807 Iliade
769 745 803 807 et
819 733 853 806 in
870 733 1020 831 Odyssea
1035 735 1182 813 seminas
1202 737 1359 813 nondum
1377 738 1412 811 in

156 870 313 946 gynaeceo
330 848 473 923 latentes
488 872 598 945 neque
614 848 837 923 umbratilem
857 849 962 925 vitam
982 864 1134 947 agentes.
1152 851 1240 938 Quid
1256 877 1343 950 opus
1362 865 1413 928 est
1463 888 1464 892 ¹

132 974 136 981 “
154 984 332 1036 recensere
346 972 396 1036 tot
409 962 713 1054 illustrianomina,
726 964 906 1058 Helenam,
921 966 1201 1059 Andromachen,
1219 954 1411 1062 Hecubam,

154 1077 392 1152 Nausicaaml
428 1079 548 1176 Neque
574 1090 703 1154 veteres
734 1081 858 1154 fabulae
877 1081 912 1155 in
931 1082 1056 1179 quibus
1087 1083 1256 1179 tragoedia
1287 1084 1414 1158 versari

156 1191 252 1280 solet,
281 1190 451 1272 minorem
484 1194 626 1269 leminis
639 1194 842 1292 dignitatern
874 1192 1083 1278 concedunt.
1104 1197 1194 1294 Ergo
1216 1208 1317 1294 poeta
1336 1196 1413 1296 Cly-

155 1317 401 1400 taemnestram,
420 1309 605 1401 Electram,
622 1310 808 1402 locastam,
834 1311 1031 1408 Antigonen
1059 1313 1102 1384 ad
1131 1314 1308 1388 vetustatis
1327 1315 1415 1392 ima-

157 1423 271 1521 ginem
290 1425 449 1522 effingere
467 1450 536 1500 non
555 1426 722 1500 dubitavit
745 1453 752 1498 :
790 1427 838 1502 eis
857 1428 987 1501 virilem
1017 1427 1213 1503 libertatem
1232 1429 1413 1529 virilesque

156 1565 276 1616 sensus
294 1542 398 1631 dedit,
414 1566 520 1638 quum
540 1543 642 1618 sciret
673 1542 738 1617 alio
756 1545 850 1618 nullo
882 1545 985 1618 modo
1004 1553 1133 1618 veteres
1165 1544 1298 1620 fabulas
1316 1547 1415 1622 lemi-

75 1663 79 1676 '
156 1680 279 1731 narum
313 1658 520 1732 facinoribus
539 1648 669 1755 'plenas
694 1658 727 1730 in
747 1683 886 1734 scenam
902 1660 1019 1734 induci
1037 1683 1149 1756 posse
1165 1651 1241 1735 Jam
1270 1664 1415 1759 vulgatis

147 1771 376 1869 ¹opinionibus
398 1796 532 1847 morem
548 1773 699 1869 gerebat,
718 1774 810 1869 quod
837 1797 939 1848 nemo
956 1797 1025 1848 non
1055 1776 1285 1871 spectantium
1303 1778 1415 1852 heroi-

156 1909 231 1960 cam
250 1888 489 1986 antiquitatem
501 1890 631 1986 optime
645 1900 849 1986 cognoverat
863 1913 966 1987 quam
982 1890 1209 1987 religionibus
1224 1905 1258 1967 et
1276 1893 1414 1968 urbium

156 2003 345 2100 originibus
378 2005 600 2102 conjunctam
646 2006 847 2081 credebant.
883 2007 1021 2104 Neque,
1069 2006 1097 2080 si
1128 2005 1262 2084 'Atticis
1289 2011 1415 2086 finibus

156 2121 310 2212 excedas
329 2122 473 2196 deerant
489 2123 697 2219 exemplaria
718 2146 834 2197 mores
865 2123 1067 2198 audaciores
1086 2125 1293 2202 feminarum
1320 2129 1416 2203 effin-

88 2222 90 2225 ’
155 2233 270 2329 genti:
306 2236 468 2309 omnihus
489 2236 616 2310 Graecis
646 2249 726 2310 nota
759 2248 830 2311 erat
856 2237 1105 2333 Spartanorum
1132 2263 1196 2337 par
1222 2227 1302 2315 oum
1337 2242 1416 2317 viris

156 2350 305 2424 conditio
325 2343 547 2427 etsortitudo.
565 2354 706 2441 Verum,
724 2353 789 2426 nisi
804 2353 913 2444 fallor,
941 2354 1142 2429 Atheniensi
1162 2367 1270 2453 poetae
1288 2357 1417 2455 placuit

154 2465 342 2559 interdum,
359 2469 418 2542 ubi
432 2493 468 2543 re
483 2470 643 2557 dabatur,
660 2470 806 2560 Atticam
825 2470 990 2543 seminam
1003 2470 1038 2542 in
1065 2492 1205 2543 scenam
1232 2470 1412 2545 inducere.

86 2588 88 2592 '
156 2582 203 2657 De
216 2583 281 2657 illis
299 2585 420 2680 puellis
439 2585 562 2682 loquor
575 2611 650 2683 quae
674 2585 831 2677 moribus
849 2584 1021 2661 molliores
1041 2609 1129 2683 aque
1142 2587 1237 2661 omni
1252 2562 1419 2663 'violentia

154 2695 381 2773 abhorrentes
396 2699 539 2775 feliciter
558 2700 687 2774 saeviori
708 2701 850 2774 Electrae
864 2708 897 2773 et
915 2700 1096 2796 impavidae
1111 2698 1290 2796 Antigonae
1305 2723 1416 2797 oppo-

155 2824 308 2887 nuntur:
346 2815 466 2890 Atticae
497 2816 637 2912 virginis
666 2828 780 2912 partes
813 2814 1070 2911 Chrysothemis
1097 2824 1130 2888 et
1161 2814 1297 2888 Ismene
1332 2813 1417 2887 mihi

154 2929 311 3004 videntur
340 2933 445 3006 tueri·
472 2934 663 3030 Acceperat
688 2955 707 3004 a
742 2930 899 3004 sabulosa
917 2940 1085 3034 vetustate
1114 2931 1244 3004 seroces
1261 2928 1416 3018 feminas

153 3045 306 3121 virorum
323 3049 493 3146 superbiae
511 3060 613 3145 atque
630 3048 733 3122 etiam
754 3044 946 3120 crudelitati
960 3044 1157 3119 consimiles
1176 3071 1183 3116 :
1202 3044 1244 3118 de
1266 3066 1328 3118 suo
1358 3045 1418 3118 ad-

153 3161 240 3236 didit
252 3162 450 3239 blandiores
464 3164 594 3261 puellas
609 3186 684 3261 quae
698 3161 882 3236 tristiorem
897 3159 1137 3256 antiquitatem
1153 3182 1215 3233 sua
1234 3158 1417 3233 dulcedine

154 3275 361 3371 mitigarent.
382 3278 643 3381 Secutusneest
670 3277 705 3348 in
725 3277 791 3349 hoo
821 3274 970 3348 veritatis
998 3295 1167 3364 amorem,
1188 3285 1248 3346 aut
1267 3272 1417 3369 aliquam

154 3402 265 3465 artem
286 3388 549 3488 exquisitiorem,
568 3376 634 3489 qua
649 3413 817 3488 personas
849 3389 896 3463 ita
922 3389 1077 3466 moribus
1106 3389 1254 3464 diversas
1273 3388 1362 3463 inter
1381 3412 1417 3463 se

154 3509 374 3603 opponendo,
392 3507 539 3582 heroicae
561 3507 696 3582 laminae
710 3506 946 3612 fortitudinem
963 3505 1106 3604 clariore
1117 3505 1248 3579 lumine
1266 3504 1417 3580 illustra·
1502 3562 1504 3566 »

152 3625 234 3697 ret‘l
254 3625 364 3699 Credo
392 3625 600 3722 Sophoclem
618 3623 807 3722 aequalibus
828 3623 985 3696 moribus
1000 3622 1176 3696 imbutum
1195 3645 1254 3696 eos
1286 3635 1418 3697 naturae

153 3740 334 3816 similiores
369 3743 473 3838 quam
505 3742 654 3838 priscam
695 3740 919 3814 acerbitatem
949 3738 1192 3829 existimasse,
1234 3760 1317 3834 ergo
1349 3737 1416 3813 sive

153 3856 421 3952 imprudentem,
452 3857 521 3931 sive
557 3857 599 3930 de
625 3857 808 3946 industria,
840 3877 1004 3951 personas
1045 3853 1187 3927 minoris
1226 3852 1262 3925 in
1301 3853 1416 3928 sabula

154 3973 321 4047 momenti
353 3973 394 4046 ad
418 3972 606 4046 Atticarum
625 3974 819 4069 puellarum
836 3971 1042 4044 modestiam
1056 3969 1338 4044 accommodasse
1351 3969 1413 4068 (l),

153 4089 203 4163 Ac
230 4086 364 4163 videtur
397 4088 431 4162 in
465 4088 601 4163 Electra
631 4088 829 4184 attingenda.
843 4097 944 4184 poeta
973 4086 1146 4175 metuisse,
1172 4108 1215 4159 ne
1247 4083 1416 4182 indomita

122 4254 126 4264 ·
153 4205 294 4303 virginis
321 4204 539 4279 contumacia
555 4203 670 4278 minus
686 4204 839 4300 placeret
857 4201 1075 4276 audientibus
1098 4227 1107 4292 ;
1128 4200 1217 4293 ideo,
1237 4211 1315 4300 post
1332 4201 1413 4298 pul·

154 4320 343 4396 cherrimas
361 4319 483 4417 puellae
510 4319 674 4417 chorique
705 4318 903 4408 cantilenas,
919 4317 978 4390 illa
1011 4338 1086 4390 sese
1122 4339 1191 4390 non
1211 4339 1312 4414 posse
1344 4339 1414 4391 non

152 4437 332 4536 indulgere
349 4438 542 4513 immodicis
559 4437 707 4536 querelis
722 4429 938 4512 demonstrat
962 4445 1042 4531 apte
1056 4434 1245 4532 composita
1270 4457 1310 4509 ac
1324 4434 1413 4510 bene

152 4539 256 4650 longa
271 4553 434 4643 oratione,
451 4554 548 4651 cujus
564 4555 695 4652 primos
708 4565 949 4650 extremosque
963 4574 1082 4626 versus
1101 4551 1263 4626 laudabo.

189 4819 227 4890 (l)
239 4816 286 4872 cf.
306 4818 400 4888 Potin,
415 4817 560 4889 Sophocle,
575 4834 606 4889 p.
626 4819 757 4887 aar-222,
775 4818 911 4871 aas-260.
929 4815 1091 4906 Tragiques
1105 4829 1204 4888 precs,
1220 4817 1248 4871 3ο
1261 4810 1377 4868 edition.
