3216 5408
720 333 913 411 ..ωρ-

207 492 209 497 ’
228 471 329 537 Pudet
352 489 401 534 me
417 471 556 550 quidem,
572 488 591 533 o
606 472 765 546 mulieres,
792 472 876 550 quod
891 472 933 534 ub
953 435 1096 534 assiduos
1110 471 1201 533 letus
1228 468 1335 530 videar
1356 466 1449 529 vobis
1555 450 1558 455 ’

73 636 75 641 ,
187 570 315 632 nimium
344 569 508 648 impotenti
536 586 605 631 esse
625 569 729 630 animo
748 587 877 631 :verum
907 569 1084 648 ignoscite3
1116 567 1253 630 eoenim
1274 582 1323 627 me
1348 565 1447 644 adigit

130 728 135 738 ,
187 668 371 730 necessitas.

226 864 352 926 'felibus
366 880 443 941 ergo
465 862 495 922 in
518 862 666 924 aerumnis
681 879 783 940 neque
808 862 950 923 modeste
964 878 1070 941 agere,
1088 862 1208 933 amicae,
1227 879 1328 940 neque
1343 859 1447 938 pieta·

187 950 251 1024 teni
266 964 371 1024 colere
389 961 482 1022 facile
497 971 568 1037 est,
587 971 619 1020 at
632 961 776 1039 profecto
793 961 845 1037 qui
860 961 893 1021 in
908 960 997 1021 malis
1013 970 1153 1021 versatur
1167 976 1291 1039 semper
1317 975 1447 1021 necesse
1466 1046 1468 1051 Ι

187 1078 317 1139 prorsus
333 1070 367 1121 ut
380 1061 469 1122 malis
478 1060 615 1120 animum
629 1059 767 1136 applicet
784 1057 830 1138 (V.
846 1059 915 1133 ael,
933 1076 1015 1136 sqq,
1030 1061 1100 1132 307,
1118 1057 1199 1138 sqq).

235 1272 355 1346 Pudor
368 1270 424 1345 ille
439 1270 497 1368 qui
513 1269 655 1367 fingitur
671 1268 813 1343 minime
844 1291 960 1343 mores
980 1277 1013 1343 et
1036 1269 1124 1343 facta
1137 1267 1285 1344 heroicae
1301 1267 1448 1343 Electrae

187 1381 308 1464 decet:
338 1388 436 1463 decet
452 1385 620 1484 virginem
635 1386 796 1476 Atticam,
814 1384 918 1482 quam
946 1407 1022 1459 mos
1050 1385 1085 1459 in
1114 1385 1293 1482 publicum
1309 1384 1448 1483 prodire

129 1526 133 1534 ·
186 1504 370 1603 palamque
387 1502 542 1576 dolorem
563 1514 596 1575 et
609 1501 712 1575 fletus
727 1522 928 1597 expromere
942 1509 1045 1574 vetat.

235 1617 497 1695 Atheniensium
518 1615 756 1691 consuetudini
783 1615 918 1689 videtur
934 1637 1143 1712 repugnasse
1168 1615 1331 1689 feminam
1350 1614 1448 1714 inge-

187 1757 293 1809 nuam
317 1756 336 1807 e
360 1730 509 1831 gynaecei
538 1742 669 1805 secreto
688 1728 730 1804 in'
744 1753 884 1805 scenam
903 1729 1015 1804 educi.
1035 1730 1145 1805 Nemo
1164 1731 1448 1828 ignorat'quibus
1556 1742 1557 1746 ’

188 1850 319 1925 artibus
347 1859 505 1923 auctores
535 1845 786 1921 comoediarum
815 1845 919 1920 rebus
950 1847 1107 1942 gerendis
1135 1847 1285 1944 virgines
1315 1847 1448 1923 immis-

188 1964 335 2054 cuerint,
355 1985 462 2060 quum
486 1961 629 2036 audacia
654 1960 891 2036 difficultatem
922 1961 1079 2057 expedire
1093 1961 1238 2036 nollent.
1257 1964 1296 2050 ln
1320 1963 1448 2038 Andria
1525 2061 1529 2069 ¹
1559 1998 1563 2006 ·

185 2079 334 2155 Terentii
359 2100 435 2176 quae
460 2078 503 2152 ad
527 2078 701 2174 exemplar
726 2077 917 2152 Atticarum
954 2077 1148 2151 fabularum
1177 2101 1343 2175 expressa
1374 2088 1446 2168 est,

141 2234 143 2238 ⁴
186 2218 357 2293 nusquam
371 2195 447 2291 ipsa
457 2193 652 2293 Glycerium
668 2203 823 2291 apparet,
834 2215 909 2291 quae
924 2204 1052 2285 tamen,
1070 2192 1148 2266 licet
1165 2193 1302 2284 absens,
1319 2193 1448 2290 primas

186 2322 299 2408 partes
327 2309 492 2400 defendit,
525 2322 563 2383 ut
594 2308 668 2406 ejus
693 2307 833 2383 nomine
870 2308 993 2382 merito
1024 2308 1195 2382 comoedia
1227 2307 1446 2382 inscribatur.
1531 2344 1533 2346 v

186 2428 322 2504 Nostris
348 2426 487 2523 quidem
505 2424 732 2522 temporibus,
752 2435 853 2522 poeta
870 2447 962 2522 aegre
977 2447 1162 2521 personam
1191 2423 1382 2522 prinoipem
1406 2424 1449 2500 ab

187 2542 296 2618 oculis
332 2540 563 2638 spectantium
594 2552 794 2614 amoveret:
824 2552 908 2614 tunc
938 2541 1137 2614 modestum
1157 2562 1198 2612 ac
1216 2540 1449 2614 verecundum
1498 2593 1502 2597 -

186 2656 297 2732 risum
312 2655 385 2729 fuit.
400 2655 586 2753 Sophocles
604 2664 718 2729 autem
746 2655 804 2751 qui
821 2664 1022 2730 aretustate
1040 2663 1244 2751 argumenta
1261 2655 1449 2752 tragoedia-

187 2793 265 2846 rum
297 2769 469 2861 sumebat,
499 2769 644 2865 ideoque
675 2768 816 2844 minime
829 2769 1057 2844 excusationis
1090 2782 1150 2843 aut
1168 2769 1274 2843 veniae
1307 2771 1443 2862 egebat,
1543 2781 1546 2788 '

185 2887 360 2962 interdum
370 2885 588 2960 heroicarum
601 2885 805 2960 feminarum
823 2885 1033 2982 asperiorem
1048 2886 1242 2961 libertatem
1260 2887 1450 2962 Athenien-

186 3001 277 3077 sium
302 3000 498 3098 puellarum
537 3001 705 3076 modestia
740 2999 956 3097 temperarit,
1001 3023 1041 3076 ac
1071 3024 1173 3077 nemo
1208 3001 1304 3076 suari
1341 3014 1450 3099 poetae

70 3110 73 3116 ’
185 3125 388 3191 succenseat
401 3115 493 3212 quod
513 3115 689 3213 tragoediae
711 3116 895 3190 horrorem
922 3113 1113 3189 lenioribus
1132 3114 1314 3190 affectibus
1341 3116 1467 3191 varia.

185 3231 283 3306 verit.

233 3345 268 3419 Si
296 3344 424 3418 choros
441 3342 602 3440 excipias,
620 3343 821 3440 Sophocleae
837 3367 993 3444 personae
1012 3366 1139 3443 genere
1157 3345 1291 3420 dicendi
1306 3357 1452 3423 utuntur

184 3459 303 3536 subtili
329 3469 366 3532 et·
396 3469 553 3549 venusto,
585 3458 689 3555 quod,
720 3459 801 3535 licet
828 3459 971 3558 poeticis
1000 3459 1212 3534 ornamentis
1242 3461 1451 3537 illustratum
1540 3539 1544 3556 ,

184 3578 305 3651 solutae
331 3573 479 3650 orationi
505 3574 711 3672 plerquue
738 3576 850 3652 simile
868 3590 930 3651 est.
957 3577 1008 3653 Ea
1027 3575 1230 3673 simplicitas
1242 3577 1357 3655 Attica
1383 3601 1452 3677 qua

184 3692 362 3767 Terentius
383 3701 417 3766 et
437 3689 550 3767 Caesar
578 3693 669 3790 apud
689 3693 829 3770 Latinos
844 3694 898 3769 usi
917 3704 1009 3786 sunt,
1025 3716 1164 3768 morum
1180 3693 1383 3792 imaginem,
1410 3705 1450 3770 ut

183 3830 310 3904 purum
352 3807 545 3906 speculum,
578 3807 792 3884 verissimam
826 3811 961 3898 refert3
1001 3820 1036 3885 at
1066 3808 1254 3906 saepissime
1289 3809 1450 3887 familiari

182 3923 336 3999 sermoni
367 3923 521 4021 proxima
539 3934 603 4012 ost,
636 3933 685 4016 ut,
705 3926 860 4022 quamvis
885 3925 990 4023 regiae
1011 3947 1166 4021 personae
1196 3925 1283 3999 illud
1310 3936 1449 4001 tumens

182 4035 321 4111 dicendi
345 4062 454 4133 genus
473 4040 564 4136 qnod
588 4032 810 4125 baasaraece
841 4042 983 4132 dicitur,
1008 4029 1168 4116 affectare
1196 4041 1345 4132 soleant,
1370 4063 1449 4116 raro

183 4152 315 4228 diversa
332 4154 628 4231 confabulantium
655 4157 806 4234 conditio
832 4159 867 4233 in
899 4158 1010 4233 verbis
1037 4167 1212 4256 appareat.
1244 4157 1308 4236 Hic
1335 4155 1450 4233 minus

183 4279 294 4342 artem
328 4269 508 4367 Sophoclis
524 4295 630 4367 quam
649 4274 760 4368 gentis
787 4274 966 4368 ingenium
983 4286 1017 4348 et
1046 4296 1160 4348 mores
1174 4263 1451 4348 animadvertere

183 4384 364 4461 debemus.
399 4386 493 4461 Inter
522 4387 609 4464 cives
640 4389 868 4466 Athenienses
896 4392 1054 4466 eamdem
1082 4389 1277 4464 libertatem
1312 4389 1450 4464 dicendi

183 4501 329 4596 viguisse
343 4511 496 4595 constat,
515 4528 598 4601 quae·
606 4505 641 4579 in
661 4506 766 4581 rebus
781 4506 927 4603 publicis
943 4507 1105 4596 dabatur,
1125 4516 1268 4593 ἰσηγορία,
1296 4514 1449 4592 παρρησία

184 4616 288 4692 dieta.
321 4619 405 4695 lnde
438 4621 627 4717 Sophocles
659 4646 737 4698 aum
758 4635 914 4699 tenorem
933 4625 1125 4722 simplicem
1142 4648 1182 4700 ac
1197 4648 1287 4722 saepe
1302 4624 1447 4700 familia·

184 4753 260 4806 rem
278 4734 441 4811 orationis
455 4735 585 4811 hausit.
608 4739 773 4815 Videmus
787 4738 892 4838 igitur
906 4741 999 4837 apud
1009 4762 1089 4815 eum
1108 4740 1257 4837 apuella
1276 4739 1448 4836 Antigone
