3216 5408
140 521 278 614 venatos
288 511 403 604 luisse,
415 512 677 611 aequumetveri
688 512 996 590 similavidebatur.
1008 512 1235 589 Audientibus
1246 512 1401 589 miserias

140 639 175 704 ct
199 621 327 704 atrocia
344 627 432 703 lacta
450 628 725 704 Labdacidarnm
752 638 785 703 et
810 629 1058 726 Pelopidarum
1086 629 1214 726 placuit
1229 628 1399 704 rationem

138 745 285 844 proferri
314 768 389 843 quae
417 767 560 843 superos
589 745 805 838 absolveret,
835 746 967 822 lacinus
1009 769 1134 843 nempe
1164 745 1256 842 quod
1289 744 1400 842 poenis

140 861 317 952 caruisset,
342 864 422 936 deos
441 860 533 959 ipsos
552 861 709 958 persequi
727 873 762 937 et
781 861 961 959 castigare.
988 863 1090 936 Nn'nc
1109 873 1225 935 autem
1240 861 1401 934 humanae

134 977 275 1074 justitiae
294 977 376 1052 huic
394 976 520 1052 studio,
536 976 748 1072 congruebat
761 977 938 1074 aptissime
952 976 1090 1075 vulgata
1108 977 1173 1052 illis
1186 976 1401 1075 temporibus
1463 1055 1465 1060 ,

140 1093 253 1191 opinio
285 1093 489 1190 Quanquam
510 1094 683 1168 Homerus
698 1106 826 1168 sortem
840 1093 981 1168 Achillis
1002 1094 1075 1192 jam
1091 1094 1159 1168 sato
1173 1093 1400 1191 compositam

140 1221 240 1307 atque
255 1209 448 1284 ordinatam
465 1234 552 1301 esse,
570 1210 668 1287 Diras
689 1215 722 1282 in
750 1209 914 1308 OEdipum
934 1209 1064 1284 notario
1094 1210 1212 1308 matris
1228 1210 1401 1286 connubio
1433 1286 1435 1291 ,

140 1327 311 1424 pollutum
342 1327 563 1402 acerbissime
580 1327 801 1404 vindicavisse
824 1329 939 1417 refert,
958 1328 1053 1401 nulla
1074 1339 1189 1401 tamen
1208 1327 1299 1423 apud
1320 1349 1401 1399 eum

141 1452 232 1518 certa
261 1443 418 1518 doctrina
453 1453 596 1540 apparet
625 1445 667 1518 de
698 1445 898 1518 necessaria
923 1443 1117 1540 graviorum
1146 1444 1316 1518 scelerum
1342 1456 1402 1520 aut
1449 1434 1453 1442 ’

140 1559 349 1656 flagitiorum
369 1559 580 1656 expiatione:
598 1559 750 1657 alioquin
773 1583 837 1633 nec
854 1558 999 1632 Phoenix
1017 1560 1059 1633 de
1074 1559 1140 1632 vita
1158 1570 1316 1632 anteacta
1329 1568 1401 1633 tam
1435 1650 1440 1661 Ι

139 1674 245 1748 libere
265 1674 488 1771 loqueretur,
522 1696 590 1749 non
626 1676 766 1749 Dolonis
807 1674 914 1748 caedes
940 1675 1052 1762 fieret,
1074 1686 1133 1749 aut
1163 1674 1401 1770 poctasaltem

138 1791 367 1865 detestaretur
395 1790 537 1888 indigna
565 1791 732 1866 facinora.
770 1791 911 1879 Verum,
945 1789 1003 1864 ubi
1032 1789 1237 1886 Thucydidis
1265 1812 1350 1886 opus
1364 1791 1400 1863 in

138 1927 263 1978 manus
281 1905 506 1980 evolvendum
535 1907 716 1996 sumimus,
732 1905 848 1980 statim
882 1916 1072 1980 occurrunt
1101 1927 1197 1979 novae
1214 1904 1402 2003 disciplinae

136 2022 366 2098 iudicialem
386 2048 425 2099 eo
438 2036 576 2099 ventum
593 2038 645 2100 est
660 2037 699 2098 ut
713 2024 843 2099 bellum
860 2025 1017 2098 ordiatur
1034 2023 1118 2097 illud
1132 2024 1402 2120 Peloponnesia-

139 2162 231 2230 curn,
247 2148 297 2214 tot
314 2142 523 2216 damnorum
550 2165 591 2216 ac
617 2143 789 2216 scelernm
826 2141 960 2215 cunctis
980 2141 1108 2214 Graecis
1128 2140 1240 2236 origo:
1256 2152 1402 2239 utraque

139 2279 234 2352 gens,
250 2257 376 2330 aemula
407 2268 441 2332 et
459 2258 593 2354 imperii
614 2258 722 2347 avida,
751 2258 841 2331 inter
859 2281 895 2331 se
915 2256 1059 2331 crimina
1075 2257 1163 2331 ultro
1178 2257 1328 2353 citroque
1343 2281 1403 2355 per

137 2372 270 2468 legatos
287 2373 441 2447 mittunt.
459 2374 534 2449 Non
549 2375 651 2448 modo
672 2374 713 2447 de
740 2373 843 2447 rebus
859 2372 1003 2468 publicis
1019 2373 1146 2470 agitur,
1168 2372 1226 2444 sed
1243 2372 1345 2445 etiam
1361 2374 1403 2448 de

138 2488 372 2585 religionibus.
404 2490 565 2588 Spartani
601 2489 834 2564 meminerunt
864 2500 1002 2585 gentem
1033 2488 1219 2585 quamdam
1254 2488 1401 2564 Atticam

138 2607 229 2703 quod
248 2604 330 2680 olim
347 2607 382 2707 in
402 2607 570 2682 seditione
599 2607 736 2705 Cylonis
769 2608 960 2682 coercenda
982 2605 1202 2702 sacrilegium
1224 2604 1259 2678 in
1275 2605 1403 2680 Eume-

137 2723 476 2816 nidasadmisisset,
506 2725 540 2798 in
577 2725 715 2799 exilium
760 2725 904 2822 ejectam
938 2747 1036 2814 esse;
1085 2723 1253 2797 Periclem
1287 2735 1402 2798 autem

138 2838 253 2914 sciunt
285 2840 413 2914 nefaria
433 2865 471 2915 ex
508 2853 609 2938 gente
633 2842 819 2918 oriundum
843 2864 940 2932 esse;
971 2849 1096 2937 rogant
1124 2839 1229 2936 igitur
1243 2850 1281 2912 ut
1297 2839 1417 2932 litha·¹

138 2955 274 3031 irienses
307 2957 506 3055 progeniem
527 2957 765 3054 importunam
783 2957 896 3054 impiae
915 2939 1029 3052 stirpis
1057 2979 1127 3028 non
1143 2956 1215 3052 Jam
1238 2956 1272 3027 in
1293 2955 1403 3051 patrio

137 3073 209 3147 solo
239 3071 364 3147 versari
391 3072 516 3165 sinant,
550 3097 617 3170 quo
643 3087 745 3171 pacto
779 3084 917 3171 sperant
935 3095 971 3146 se
1002 3071 1161 3146 odiosum
1182 3094 1252 3145 suae
1278 3071 1404 3145 civitati

138 3188 315 3285 egregium
342 3211 443 3285 quem
477 3177 703 3263 reformidant
734 3179 846 3263 virum
876 3191 1026 3264 facturos
1054 3210 1139 3261 csse.
1175 3180 1404 3263 Athenienses
1495 3211 1498 3217 ’

138 3315 258 3380 contra
275 3305 556 3380 Lacedaemonios
572 3306 696 3402 jubent
715 3307 940 3382 commissum
964 3306 999 3383 io
1019 3304 1159 3379 Pallada
1177 3303 1403 3378 Chaleiaecam

138 3422 356 3519 sacrilegium
389 3429 548 3521 expiare,
578 3424 669 3518 quod
699 3422 879 3495 Pausaniae
909 3422 1012 3518 hujus
1047 3422 1120 3495 deae
1158 3420 1306 3519 supplici
1333 3442 1403 3493 non

138 3539 383 3637 pepercissent.
423 3538 592 3636 Utrinque
629 3539 716 3612 alter
747 3539 895 3635 populus
924 3538 1068 3635 jubetur
1100 3554 1128 3605 τὸ
1155 3532 1229 3624 ἄγος
1256 3551 1395 3610 caucaso.

137 3655 206 3728 Has
227 3678 366 3743 causae,
393 3656 472 3730 licet
503 3655 603 3730 nobis
622 3655 765 3730 leviores
790 3653 987 3745 videantur,
1017 3677 1102 3727 num
1119 3654 1153 3727 in
1184 3655 1289 3729 rebus
1307 3655 1403 3729 seriis

138 3760 380 3867 praetulissent.
416 3771 481 3846 nisi
508 3771 621 3869 opinio
655 3772 859 3846 confirmata
891 3793 946 3844 eas
966 3771 1213 3868 suppeditaret,
1235 3770 1403 3868 nisiaptae

138 3887 386 3962 admovendos
406 3889 540 3962 animos
559 3889 696 3962 essent?
1349 3876 1351 3881 ’

186 4002 231 4077 At
251 4005 357 4095 enim,
376 4005 613 4102 dicataliquis,
631 4028 752 4101 parum
782 4004 978 4100 exemplum
1008 4004 1160 4099 prodest,
1197 4027 1303 4101 quum
1326 4003 1403 4076 uni-

139 4105 275 4192 versum
290 4118 450 4193 Graecum
470 4145 578 4216 genus
593 4121 678 4194 dolis
694 4145 733 4194 ac
746 4122 893 4219 perfidia
907 4121 956 4194 uti
972 4121 1005 4192 in
1028 4120 1131 4195 rebus
1147 4120 1294 4217 puhlicis
1314 4132 1404 4195 trac·

72 4253 74 4256 ⁴
139 4234 254 4307 tandis
283 4235 421 4309 soleret.
455 4278 503 4289 —
534 4237 662 4309 Verum
678 4259 715 4309 ex
734 4235 917 4309 annalibus
935 4235 1002 4309 alia
1032 4236 1188 4332 exempla
1214 4246 1404 4334 suppetunt

138 4372 213 4445 quae
232 4351 349 4425 omnia
378 4373 558 4424 recensere
587 4343 680 4424 haud
710 4374 852 4426 necesse
881 4363 941 4426 est.
962 4350 1014 4424 An
1032 4374 1222 4426 memorem
1250 4363 1403 4449 quatuor

136 4465 233 4541 Bella
245 4468 363 4557 Sacra,
382 4469 615 4575 unumgquod
645 4467 836 4543 Cirrhaeum
860 4469 994 4560 dicitur,
1013 4469 1153 4544 nomine
1172 4481 1206 4545 et
1232 4467 1403 4543 industria

138 4580 272 4656 Solonis
286 4583 419 4678 insigne
438 4611 447 4672 ;
475 4583 624 4658 alterurn
639 4609 659 4659 a
673 4585 941 4660 Lacedaemoniis
960 4596 1097 4682 gestum
1121 4586 1212 4682 quod
1231 4584 1402 4682 Thucydi-

138 4697 197 4802 des
216 4698 249 4772 in
267 4699 378 4795 primo
393 4700 480 4775 libro
499 4701 592 4776 brevi
604 4702 816 4778 narratione
829 4704 1005 4800 amplexus
1023 4712 1075 4776 est
1094 4730 1102 4791 ;
1130 4702 1282 4793 tertium,
1305 4702 1401 4777 Pho-

138 4835 240 4890 cense
276 4814 433 4908 bellum,
474 4819 566 4915 quod
603 4818 688 4893 vires
725 4818 973 4894 Thebanorum
1004 4817 1178 4909 errlrausit,¹
1207 4816 1401 4894 Phocidem
1509 4866 1511 4870 -
