3216 5408
177 493 347 589 excepisse
360 492 483 591 lyricos
495 491 553 590 qui
565 493 618 568 vel
630 493 814 590 praesentia
826 493 876 566 vel
889 517 969 568 suos
979 493 1134 590 ipsorum
1147 492 1432 568 sensusaffectus-

178 635 244 708 que
269 611 420 687 solerent
450 611 484 682 iu
511 610 721 686 carminibus
743 622 911 700 tractare;
938 610 1060 709 lyricos
1091 620 1207 707 poetas
1225 621 1260 685 et
1274 610 1308 683 in
1327 610 1431 707 epicis

61 728 63 734 ’
174 729 277 803 rebus
314 752 382 803 non
421 751 501 804 raro
525 733 692 804 'versatos
718 752 819 830 esse,¹
845 730 937 803 unde
963 729 1039 825 ipsa
1066 712 1233 826 tragoedia
1262 727 1430 826 originem

176 845 383 944 traxeritll).

188 1030 193 1039 ,
222 961 282 1034 Vix
306 961 466 1059 equidem
493 985 579 1058 opus
605 962 739 1037 videtur
766 962 877 1037 dicere
902 949 1029 1060 cyclica
1064 961 1218 1037 carmina
1250 982 1326 1058 quae
1352 974 1431 1057 post

174 1076 315 1151 iliadem
346 1088 382 1151 et
408 1076 593 1175 Odysseam
625 1078 762 1153 condita
786 1088 877 1167 sunt,
892 1077 993 1153 suerit
1008 1076 1145 1174 quidem
1163 1084 1202 1150 ut
1213 1073 1427 1150 audientium

173 1191 401 1288 legendumve
434 1193 568 1267 animos
594 1193 833 1268 narrationum
855 1194 1072 1292 jucunditate
1102 1201 1294 1282 moverent,
1313 1200 1428 1265 tamen
1520 1285 1525 1295 ·

174 1306 290 1403 populi
314 1307 418 1381 totius
440 1320 603 1404 tanquam
629 1307 820 1382 universam
842 1311 946 1383 vitam
980 1331 1050 1382 non
1066 1305 1242 1403 complexo
1260 1326 1348 1395 esse,
1361 1326 1429 1400 qua

56 1427 59 1434 '
173 1422 439 1519 sanepraecipua
453 1424 552 1498 laude
580 1413 762 1499 Homerica
786 1423 941 1498 carmina
961 1422 1261 1524 commendantur.
1276 1419 1429 1495 Adnora

173 1537 283 1611 studia
315 1561 389 1612 sese
433 1551 647 1616 converterat
685 1563 782 1614 mens
809 1541 1022 1631 Graecorum,
1055 1555 1209 1635 novaque
1235 1535 1428 1611 carminum

174 1677 311 1749 genera,
329 1655 423 1730 novis
447 1658 550 1731 rebus
571 1659 845 1747 accommodata,
879 1658 1060 1734 florebant.
1074 1650 1269 1754 lqrici‘tum
1286 1656 1428 1729 exstite-

173 1783 254 1844 runt
269 1776 376 1868 poetae
407 1773 464 1868 qui
494 1773 675 1870 praesentia
694 1773 898 1871 plerumque
912 1784 1070 1871 tempora
1087 1772 1268 1848 canebant.
1290 1798 1307 1843 c
1327 1771 1429 1846 Haud

153 1903 159 1911 ·
175 1909 192 1954 r>
213 1884 361 1959 diffiteor
374 1885 608 1983 novos'poetas
624 1887 772 1985 antiquis
780 1888 904 1963 fabulis
917 1888 1187 1963 abundeusuros
1203 1909 1290 1974 esse,
1308 1910 1426 1963 verum

175 2025 193 2069 n
214 2023 272 2074 eas
287 2001 332 2075 ad
342 2001 390 2074 rei
404 2002 582 2098 praesentis
600 2005 828 2079 commodum
845 2004 1068 2103 torquebunt,
1081 2003 1216 2079 sineres
1229 2003 1428 2098 indemagis

174 2116 411 2207 adduceretur,
430 2117 499 2192 sive
513 2117 592 2193 inde
605 2111 768 2216 quaedam
780 2120 929 2195 adulatio
946 2130 1005 2195 aut
1019 2119 1187 2220 oppositio
1214 2120 1426 2206 conficiatur,

174 2232 297 2329 »quod
337 2232 539 2329 plerumque
566 2234 746 2308 consilium
783 2235 819 2308 in
848 2234 1058 2310 carminibus
1090 2234 1230 2309 Pindari
1262 2234 1429 2333 dispicere

174 2373 192 2418 r>
208 2370 402 2444 possumus,
413 2370 611 2444 quanquam
623 2349 730 2423 nobili
744 2367 779 2425 et
794 2349 931 2425 heroico
945 2350 1040 2446 quasi
1054 2349 1176 2447 spiritu
1192 2373 1231 2424 ea
1246 2360 1317 2424 tota
1328 2349 1429 2446 plena

171 2488 191 2562 s
211 2479 300 2537 sont.
320 2463 510 2537 Fabulosas
525 2463 738 2538 narrationes
755 2465 958 2544 etiamtunc
973 2463 1130 2539 solebant
1148 2486 1424 2561 componere...

173 2604 192 2648 s
213 2590 246 2652 at
254 2579 282 2655 si
289 2579 502 2676 formaepica
515 2577 556 2652 iis
570 2578 693 2670 inerat,
705 2581 821 2676 epicos
836 2581 953 2656 deerat
965 2581 1078 2655 ssatus:
1093 2579 1428 2677 auctorisingenium

175 2694 469 2771 rutaudientium
497 2695 654 2769 studium
680 2695 808 2769 sensim
840 2695 874 2767 in
907 2720 961 2770 res
989 2719 1064 2792 quae
1091 2708 1169 2770 ante
1196 2684 1433 2787 ,oculos'eraut

173 2835 284 2888 »sese
304 2811 526 2900 demiserunt,
564 2834 606 2887 ac
620 2811 782 2886 libentius
795 2812 835 2886 iis
862 2835 937 2910 quae
962 2812 1122 2911 praesenti
1136 2812 1346 2909 experientia
1361 2812 1427 2909 ipsi
1483 2826 1484 2829 ‘

174 2952 191 2998 r
209 2940 386 3020 noverant,
403 2927 647 3004 detinebantur
663 2927 757 3026 sla).
776 3008 780 3023 ¹

132 3092 160 3152 3
189 3067 191 3074 ·
220 3045 331 3143 Lyrici
345 3045 481 3143 generis
496 3045 570 3142 jam
590 3045 633 3120 ab
648 3044 743 3119 initio
764 3044 873 3119 multa
892 3057 926 3118 et
945 3043 1036 3118 varia
1062 3067 1166 3140 opera
1198 3044 1291 3118 edita
1324 3053 1426 3132 sunt,

170 3160 206 3233 in
225 3161 351 3258 quibus
368 3171 452 3236 tum
476 3161 617 3236 moralis
653 3161 808 3248 scientia,
837 3173 912 3234 tum
946 3159 1126 3256 praesentia
1168 3172 1335 3256 tempora,
1354 3168 1429 3232 tum

172 3290 354 3377 poetarum
368 3278 525 3374 ipsorum
545 3302 665 3353 sensus
684 3278 733 3352 rel
749 3277 891 3353 allectus
906 3276 1000 3352 novis
1018 3276 1172 3351 numeris
1189 3274 1430 3373 exprimeban-
1498 3298 1502 3304 ·

171 3405 240 3469 tur.
262 3395 306 3468 At
323 3393 359 3474 in
376 3394 540 3468 omnibus
560 3417 658 3497 mens
690 3396 843 3469 humana
868 3397 903 3468 in
939 3418 975 3469 se
1005 3416 1187 3491 moresque
1213 3392 1430 3490 cogitationis
1506 3459 1510 3468 .

171 3531 318 3585 acumen
350 3517 539 3605 retorquet,
577 3521 742 3606 tanquam
784 3511 837 3584 sui
876 3511 1018 3586 tandem
1051 3509 1188 3585 conscia
1222 3531 1337 3582 rerum
1356 3509 1432 3607 jam

148 3635 394 3736 sexternarnm
437 3649 557 3702 curam
607 3641 688 3725 agat
722 3628 907 3703 minorem.
961 3628 1071 3713 Quam
1121 3626 1429 3702 commutationem

172 3743 343 3820 Hesiodus
356 3743 458 3817 veluti
494 3745 691 3846 auspicatus
729 3769 803 3820 esse
836 3746 970 3820 videtur
1001 3744 1037 3817 in
1063 3743 1217 3819 carmine
1251 3743 1428 3840 gravitatis

173 3860 288 3954 pleno,
305 3859 474 3956 Operibus
491 3860 680 3935 etIliebus.
718 3861 750 3936 ls
784 3884 933 3959 nempe,
965 3861 1068 3957 longe
1082 3860 1125 3933 ab
1153 3858 1338 3934 Homerico
1354 3871 1431 3934 rate

172 3973 355 4061 diversus,
407 3974 532 4051 misera
575 3975 774 4050 mortalium
812 3975 1010 4052 conditione
1058 3973 1230 4072 praecipue
1273 3987 1430 4049 moretur

173 4090 271 4187 cujus
287 4088 367 4164 vit-ia
394 4103 428 4164 et
453 4091 544 4166 mala
570 4091 747 4166 emendari
773 4102 924 4189 exoptat.
953 4091 1119 4167 Homines
1156 4077 1249 4166 enim
1281 4113 1429 4188 quorum
1472 4151 1478 4165 .

171 4207 284 4304 gratia
296 4206 466 4282 Hesiodus
480 4231 597 4283 versus
611 4209 803 4306 componit,
817 4220 917 4284 aetate
941 4208 1058 4306 pejore
1076 4207 1148 4283 nati
1162 4218 1243 4282 sunt
1270 4221 1304 4283 et
1331 4207 1430 4284 mali-

174 4346 252 4421 gna,
280 4322 371 4399 inter
387 4346 473 4420 quos
490 4336 599 4420 poetae
618 4324 766 4401 versanti
788 4325 857 4400 vita
884 4325 994 4423 gravis
1023 4323 1235 4420 molestaque
1264 4334 1326 4400 est.
1357 4322 1428 4397 He·

173 4461 274 4514 rourn
292 4439 410 4514 laudes
427 4462 497 4513 non
512 4439 586 4513 sine
605 4426 834 4517 admiratione
852 4439 1013 4532 celebrat,
1032 4463 1117 4538 quos
1137 4462 1206 4514 non
1236 4452 1273 4513 ut
1300 4440 1430 4515 Home·

207 4656 241 4726 ll)
256 4655 295 4708 V.
315 4653 415 4720 Potin,
431 4650 561 4708 Histoire
575 4646 709 4721 pdudrule
732 4654 767 4711 de
782 4655 812 4709 lu
836 4650 965 4726 trapc'die
986 4669 1116 4727 presque,
1134 4671 1165 4726 p.
1183 4656 1261 4708 att.
1279 4649 1431 4710 -Troisidme

172 4741 356 4900 edlllogrote,
369 4827 447 4886 Hiat.
460 4843 548 4909 proec.
572 4841 613 4897 ιιι,
630 4847 662 4902 p.
682 4833 727 4901 89,
743 4847 822 4891 vers.
838 4833 941 4889 Gallie.
