3216 5408
170 485 374 593 iitteraequo'
393 508 426 570 ct
453 500 581 575 chorus
607 499 892 597 philosophorum
919 498 983 572 sub
1004 497 1197 572 Academiae
1215 496 1429 571 umbraculis
1484 539 1519 547 --

170 611 330 708 disputat.
356 612 421 687 Sed
447 637 487 689 ea
517 613 591 709 ipsa
619 637 694 710 quae
724 613 760 685 in
796 613 946 712 perlecta
975 612 1170 686 maturitate
1202 612 1426 703 admiramur,
1478 651 1480 657 .

170 742 353 826 antequam
379 754 551 806 annorum
568 755 608 806 ac
639 754 754 805 rerum
783 753 969 827 progressu
999 729 1234 821 adolevissent,
1262 742 1457 826 tanquam

171 845 326 942 germina
359 848 423 921 aab
459 847 723 922 Homericornm
745 847 899 921 virorum
933 846 1010 920 rudi
1037 846 1220 944 asperitate
1248 846 1428 923 latuerant.

171 960 299 1035 Omitto
325 962 484 1059 equidem
511 962 663 1037 fabulum
697 986 763 1060 qua
796 963 948 1037 Theseus
978 973 1143 1059 tanquam
1161 961 1296 1058 primus
1310 971 1446 1066 auctor

86 1160 89 1165 y
171 1075 391 1158 democratia
410 1078 635 1176 conditorque
664 1078 891 1154 referebatur.
915 1081 959 1152 rit
978 1077 1076 1153 video
1092 1079 1164 1175 jam
1185 1077 1276 1174 apud
1299 1076 1428 1152 Home-

140 1280 143 1287 ,
171 1214 249 1263 rum
265 1191 403 1266 heroem
418 1215 589 1289 quemque
611 1215 672 1267 sua
689 1205 771 1267 nota
786 1191 1003 1288 insignitum,
1031 1202 1101 1266 s'uaa
1118 1189 1285 1292 voluntati
1300 1189 1428 1264 solnm·

172 1306 489 1408 modoparentem:
511 1307 608 1381 video
627 1306 795 1381 rationem
816 1304 851 1378 in
868 1305 984 1380 liberis
998 1305 1121 1380 animis
1137 1305 1321 1404 imperium
1333 1326 1428 1379 exer-

171 1432 318 1499 centem.
354 1422 389 1495 Si
406 1423 553 1499 vincitur
580 1412 780 1497 libidinibus
799 1423 901 1496 heros
927 1422 995 1513 ille,
1026 1422 1181 1498 utilitatis
1209 1434 1324 1496 tamen
1356 1418 1428 1494 voci
1468 1511 1470 1516 y

171 1560 241 1611 non
269 1561 345 1613 raro
362 1537 581 1636 obtemperat
602 1564 626 1611 :⁴
644 1537 860 1634 Agamemno
879 1538 1085 1634 Ulyssrsque
1110 1539 1197 1614 iram
1225 1561 1351 1636 ponere
1369 1547 1429 1611 aut

172 1676 340 1747 coercere,
353 1655 381 1728 si
396 1653 581 1728 necessitas
596 1653 757 1750 postulat,
772 1653 894 1727 solent.
917 1651 963 1727 Ut
980 1665 1103 1728 natura
1122 1655 1311 1730 humanam
1325 1651 1429 1727 liber·

53 1805 57 1816 ·
150 1778 279 1876 ‚tatem
296 1793 366 1844 non
402 1767 579 1864 opprimit,
607 1768 655 1842 ita
685 1791 749 1842 nec
775 1767 1018 1865 'superstitione
1048 1768 1288 1843 devinciuntur
1312 1766 1428 1843 animi.

171 1883 263 1981 Ergo
278 1884 357 1959 iicet
371 1885 465 1981 apud
484 1884 673 1959 Homerum
701 1884 827 1982 ubique
846 1883 898 1977 Dii
915 1894 1100 1982 praesentes
1119 1883 1241 1975 adsint,
1256 1882 1431 1981 praecipua

173 2009 287 2074 tamen
314 2022 460 2097 persona
488 2000 601 2074 herois
619 2013 700 2089 est,
719 2000 786 2106 qni
815 1999 953 2097 quidem
984 2023 1049 2096 ope
1069 2000 1221 2074 Deorum
1244 1999 1353 2074 utitur
1371 2008 1431 2075 aut

171 2113 297 2189 invidia
315 2114 504 2206 lacessitur,
531 2137 670 2212 semper
692 2114 866 2211 propriam
882 2114 1118 2189 fortitudinem
1139 2125 1198 2187 aut
1223 2112 1429 2189 industriam

171 2229 310 2306 adhibet
313 2229 1277 2361 ,nequeunquameomorbolangnescitquogentessub
1291 2228 1429 2306 Oriente
1468 2231 1472 2238 ’

172 2347 243 2421 sitae
257 2347 451 2440 tabescunt,
472 2369 637 2422 ommam
650 2347 718 2423 vita
732 2347 885 2423 humana
901 2346 961 2421 lati
967 2347 1052 2444 regi
1073 2337 1218 2422 decretis
1237 2347 1428 2422 credentes

171 2460 272 2537 Haud
286 2463 382 2537 aliter
387 2476 578 2561 postquam
591 2462 721 2539 Graecia
734 2464 778 2537 ad
792 2485 966 2538 summam
982 2463 1260 2561 magnitudinem
1274 2473 1427 2554 venerat,

172 2588 207 2651 et
223 2579 385 2653 societate
405 2579 527 2653 civium
558 2601 614 2652 res
636 2577 781 2674 publica
797 2577 1075 2668 continebantur,
1104 2601 1175 2653 non
1188 2578 1305 2676 legum
1321 2579 1430 2675 impe·

63 2685 64 2688 ’
171 2691 221 2766 rio
238 2700 375 2769 morum
400 2693 539 2786 libertas
564 2689 773 2790 compressa,
792 2692 1016 2791 ingeniorum
1037 2693 1212 2768 diversitas
1227 2695 1338 2769 deleta
1363 2706 1426 2769 est.

172 2807 346 2902 Oratores
362 2810 477 2901 duces,
498 2810 571 2907 jam
603 2821 712 2906 poetae
730 2809 795 2906 ipsi
822 2822 882 2883 aut
900 2809 1098 2906 philosophi
1125 2821 1247 2906 gerunt
1273 2811 1430 2885 habitum

173 2948 274 2999 suum
292 2927 459 3024 quisque:
478 2926 746 3001 differuntinter
768 2949 804 3005 se
833 2940 871 2999 ut
905 2925 975 3000 ulla
991 2949 1083 3019 aegre
1116 2926 1275 3002 humana·
1299 2939 1431 3003 naturae

172 3039 301 3136 species
334 3040 520 3138 excogitari
551 3040 658 3137 possit
703 3041 801 3138 cuins
839 3062 907 3114 non
944 3039 1311 3140 aliquodexemplom
1338 3044 1431 3141 apud

173 3153 308 3246 Graecos
341 3156 506 3232 invenias.
547 3157 778 3231 Mercaturam
803 3166 945 3254 agentes
975 3168 1036 3230 aut
1063 3158 1274 3255 navigantes,
1311 3182 1429 3234 causas

172 3283 308 3350 orantes
323 3283 383 3348 aut
408 3272 579 3369 stipendia
591 3271 766 3363 iacientes
783 3271 978 3367 geometriae
1007 3272 1299 3371 philosophiaeque
1324 3274 1430 3349 dediti

172 3399 231 3462 aut
254 3388 387 3477 litteris,
423 3386 574 3462 inomni
602 3410 725 3485 genere
760 3385 830 3460 vim
860 3387 1048 3485 ingenuam
1082 3402 1117 3464 et
1142 3389 1287 3465 liberam
1320 3389 1429 3465 Graeci

171 3504 377 3580 recentiores
422 3501 592 3595 exhibent,
628 3526 739 3600 neque
777 3525 925 3632 usquam
951 3503 1086 3600 impetu
1117 3528 1206 3581 caeco
1236 3505 1342 3580 animi
1368 3509 1429 3582 sed

116 3658 118 3663 ·
172 3618 374 3716 cogitatione
391 3629 551 3693 utuntur.
583 3617 685 3693 Haud
704 3618 797 3694 enim
825 3619 1044 3717 ingeniorum
1071 3620 1229 3696 ubertate
1248 3621 1431 3720 magnilica

172 3748 207 3811 et
225 3735 419 3811 admirabili
445 3734 555 3810 Graeci
589 3733 765 3828 eminent,-
782 3735 914 3811 ratione
946 3759 1025 3812 vero
1057 3748 1091 3813 et
1119 3737 1312 3836 prudentia,
1339 3738 1430 3836 quod

171 3821 330 3927 homines
345 3852 434 3926 bene
453 3850 506 3925 sui
519 3861 702 3981 compotes
715 3850 878 3925 ostendit.
940 3929 945 3939 ,

221 3969 311 4045 Orat
288 3980 336 4045 tro
351 3979 467 4045 autem
480 3968 567 4067 ipsa,
583 3967 689 4042 animi
709 3979 746 4043 et
756 3967 897 4043 rationis
920 3968 1103 4068 interpres,
1117 3994 1193 4067 quaa
1210 3994 1306 4086 quasi
1297 3970 1432 4045 telum

65 4145 69 4157 .
172 4068 306 4162 mentes
324 4085 416 4184 ipsas
433 4083 530 4184 petit,
557 4106 627 4158 non
654 4084 769 4159 minus
791 4085 885 4181 apud
908 4086 1028 4161 heroas
1051 4085 1127 4160 illos
1146 4108 1252 4182 quam
1266 4073 1431 4160 isocratis

172 4202 387 4332 temporibus
401 4199 636 4276 admirationis
651 4200 769 4289 habet,
789 4216 823 4275 et
841 4200 976 4297 quaeda
997 4201 1142 4277 Nestore
1159 4201 1331 4277 Homerus
1351 4201 1432 4278 dicit

173 4318 368 4420 comparari
385 4326 529 4416 possunt
542 4340 622 4391 eum
646 4317 687 4390 iis
706 4316 868 4392 laudibus
894 4317 1018 4415 quibus
1032 4299 1177 4394 Periclis
1199 4318 1434 4448 eloquentiam

172 4451 282 4536 poctae
303 4435 407 4511 Attici
430 4433 588 4510 ederunt.
612 4433 817 4531 Loquacitas
836 4456 916 4509 vero
937 4435 1095 4532 quaedam
1116 4443 1149 4509 et
1182 4434 1405 4532 garrulitas
1396 4458 1432 4507 m

172 4555 324 4631 Homero
353 4574 421 4629 non
451 4573 531 4627 raro
564 4550 869 4627 animadvertitur:
895 4575 1075 4665 nunquam
1101 4552 1136 4625 in
1156 4550 1277 4627 litteris
1307 4552 1432 4628 Graecis

76 4754 79 4765 .
174 4670 321 4779 deficiet.
891 4660 893 4664 ⁸

223 4785 387 4873 Quamvis
401 4783 590 4861 adventitiis
604 4783 835 4883 opinionibus,
850 4797 1032 4882 poetarum
1048 4786 1266 4880 commentis,
1279 4785 1433 4886 philoso-
