3216 5408
742 431 790 446 --
804 385 859 464 {td
889 432 931 446 -
974 404 999 462 .·
1284 458 1287 462 ,

195 520 310 595 ··etiem
328 518 460 594 Teucer
475 542 547 595 non
577 519 714 618 illepide
744 525 943 619 respondet,
979 545 1019 597 ac
1048 535 1214 618 tanquam
1244 519 1342 594 laetus
1370 517 1462 616 quod

101 689 108 711 .
206 636 322 715 subita
334 635 537 732 subtilisque
550 637 658 712 oratio
674 660 712 712 se
727 661 798 712 non
818 638 994 731 deiecerit,
1016 639 1112 713 addit
1126 638 1247 735 jocum
1269 660 1278 709 :

246 771 326 830 llum
335 770 500 848 aenigmate
517 785 592 830 usus
606 760 674 831 sum
696 769 744 850 (V.
761 768 893 851 1158.)?

255 946 397 1022 Recedit
412 970 492 1022 vero
506 947 695 1041 Menelaus,
713 971 753 1024 ac
769 950 902 1024 Teucer
937 950 1011 1046 ipse
1042 948 1114 1024 abit
1152 947 1283 1024 funeris
1315 941 1463 1021 ornandi

207 1084 322 1137 causa.
343 1062 525 1138 Interciuit
544 1064 670 1139 chorus
685 1050 794 1162 pauca
814 1068 856 1140 de
883 1089 945 1139 sua
963 1076 1066 1158 sorte,
1079 1065 1139 1139 sed
1167 1063 1324 1136 instituta
1344 1061 1462 1157 dispu-

209 1178 289 1252 tatio
305 1179 461 1253 nondum
476 1179 584 1253 finem
598 1203 701 1255 suum
720 1180 855 1255 habuit.
876 1179 980 1255 Redit
995 1180 1030 1254 in
1051 1203 1189 1255 scenam
1211 1180 1343 1254 Teucer
1358 1198 1461 1274 quem

206 1292 362 1391 sequitur
375 1292 606 1394 Agamemno.

254 1411 294 1484 ln
337 1411 491 1486 oratione
531 1412 711 1489 artificiose
752 1414 941 1510 composita
983 1438 1040 1489 rex
1091 1407 1461 1507 tumentem'ltrxctrl

207 1527 404 1626 superbiam
418 1527 568 1603 ostendit
584 1553 660 1626 quae
671 1529 877 1604 Achaeorum
896 1531 1020 1605 docem
1037 1531 1155 1606 decere
1174 1529 1338 1628 Sophocli
1368 1526 1476 1603 vide-'

206 1644 321 1719 batur.
368 1648 494 1719 Verum
536 1645 563 1719 si
605 1647 708 1721 verba
735 1645 938 1744 arrogantiae
966 1647 1067 1743 plena
1093 1646 1233 1744 propius
1259 1643 1461 1741 inspexeris,

101 1808 103 1811 v
206 1761 334 1836 videbis
345 1762 507 1849 ,Atridam
523 1762 575 1837 his
590 1765 802 1863 argumentis
818 1764 865 1838 uti
882 1787 956 1861 quae
969 1763 1145 1838 Homerici
1161 1762 1461 1858 heroesignorant,

94 1877 99 1891 '
207 1901 374 1975 usurpare
412 1879 524 1954 solent
565 1878 653 1954 cives
684 1878 798 1953 Attici.
833 1878 921 1964 Quid
953 1877 1250 1952 enim‘lPrimum
1276 1877 1462 1974 exprobrat
1586 1894 1589 1899 ·

207 1994 340 2070 Teucro
360 1995 451 2092 quod
470 1994 783 2092 silcaptivaeiilius,
806 2018 876 2069 non
890 2005 1000 2069 matre
1022 1994 1132 2071 ‚nobili
1156 1994 1341 2090 oriundus,
1368 1993 1461 2091 quod

207 2106 250 2180 sit
263 2131 392 2182 servus.
409 2108 500 2181 Tum
512 2132 585 2184 rem
599 2131 761 2206 agressus
774 2108 884 2206 ipsam
906 2107 1107 2205 pronuntiat
1126 2107 1279 2204 plurium
1303 2107 1460 2206 judicum

206 2224 383 2300 sententiis
397 2247 518 2322 parere
532 2239 654 2302 omnes
671 2226 809 2318 debere,
827 2225 960 2300 nullam
978 2225 1075 2300 aliter
1092 2227 1204 2323 legem
1231 2235 1322 2328 stare
1348 2248 1459 2325 posse.

205 2336 367 2441 Heliastis
380 2339 438 2437 qui
451 2341 637 2415 audiebant
669 2341 743 2416 haec
766 2341 846 2417 satis
873 2341 1066 2440 placebant.
1099 2341 1166 2415 Sed
1188 2339 1311 2416 iisdem
1317 2341 1461 2449 ,quibus
1538 2342 1541 2349 ’

205 2476 305 2527 orsus
323 2464 408 2546 erat,
428 2454 602 2529 concludit
620 2455 834 2530 orationem:

244 2620 672 2701 NonmodestuserislNon,
699 2640 794 2699 quum
821 2623 908 2683 noris
932 2621 1076 2699 qualibus
1101 2623 1144 2682 sis
1172 2620 1338 2693 natalibus,
1366 2620 1460 2681 alium

206 2717 382 2795 quempiam
397 2718 458 2778 huc
482 2719 618 2780 adduces
634 2719 802 2797 ingenuum
825 2720 938 2793 virum,
968 2720 1020 2797 qui
1043 2737 1100 2797 pro
1126 2731 1158 2781 te
1178 2719 1272 2781 verba
1290 2715 1408 2778 iaciat?
1429 2727 1461 2778 te

159 2856 162 2863 -
206 2815 288 2877 enim
303 2815 439 2889 dicente,
455 2817 538 2877 haud
553 2835 612 2895 ego
626 2816 707 2878 dicta
722 2818 887 2896 percipere
900 2833 1024 2896 queam,
1039 2827 1074 2878 ut
1087 2818 1141 2895 qui
1152 2817 1313 2879 barbaram
1322 2816 1460 2896 linguam

206 2932 268 2975 non
281 2914 453 2994 intelligam
469 2913 505 2993 (V
533 2914 633 2995 1259).

254 3091 387 3187 Duplex
401 3091 540 3188 quidem
558 3103 610 3164 est
627 3091 835 3165 convicium.
861 3089 1056 3187 Exprobrat
1068 3090 1200 3165 Teucro
1218 3091 1310 3187 quod
1329 3112 1399 3165 non
1418 3089 1462 3164 sit

205 3206 388 3302 ingenuus.
408 3209 500 3304 quod
518 3206 561 3280 sit
576 3206 727 3280 barbara
742 3220 853 3281 matre
886 3215 998 3280 natus.
1027 3206 1110 3279 Haec
1132 3229 1208 3280 vere
1235 3204 1339 3280 attica
1363 3218 1458 3280 sunt.

204 3321 391 3398 Neminem
421 3322 510 3420 fugit
529 3321 778 3398 contumeliose
799 3323 842 3396 ab
857 3321 1005 3396 inimicis
1030 3321 1200 3419 originem
1221 3320 1461 3396 Demosthenis

175 3438 398 3513 lacessitam
422 3438 539 3526 luisse,
577 3439 743 3536 omnique
772 3441 890 3539 legum
922 3439 1100 3514 severitate
1129 3440 1173 3513 ab
1196 3438 1463 3514 Atheniensibus

206 3555 368 3652 ejectose
387 3555 522 3630 civitate
538 3578 660 3650 omnes
678 3556 889 3654 quicumque
902 3579 971 3630 non
984 3577 1111 3652 purum
1133 3565 1271 3632 externa
1298 3555 1465 3631 commin-

206 3670 299 3743 tione
313 3671 554 3767 sanguinema
573 3671 776 3768 parentibus
796 3670 1020 3780 accepissent.
1036 3672 1079 3744 At
1096 3693 1190 3763 vero,
1211 3671 1303 3768 quod
1325 3671 1465 3769 quidem

208 3784 439 3883 aThucpdide
457 3786 622 3884 praeclare
631 3786 922 3876 animadversum,
940 3783 1126 3858 discrimen
1149 3785 1242 3881 apud
1272 3784 1464 3858 Homerum

206 3899 343 3974 nullum
357 3900 449 3976 inter
474 3901 610 3989 Graecos
630 3925 671 3976 ac
687 3901 857 3976 barbaros
889 3915 1045 3998 apparet.
1077 3899 1154 3974 Jam
1189 3901 1280 3996 apud
1315 3914 1464 3975 veterem

209 4027 348 4111 poetam
366 4016 479 4091 nullus
497 4017 604 4092 filiam
623 4017 710 4114 regis
726 4017 865 4116 TroJ’ani
896 4017 1067 4114 probroso
1085 4015 1226 4090 nomine
1247 4015 1464 4113 appellasset.

207 4129 248 4203 ln
286 4131 392 4211 lliade
428 4131 532 4221 bello,
561 4156 632 4208 non
671 4132 826 4208 moribus
851 4131 1057 4206 dividuntur
1085 4130 1201 4204 Achaei
1233 4143 1267 4206 et
1294 4129 1464 4227 Trojaoi,

205 4247 357 4322 necdum
370 4247 461 4323 inter
476 4249 595 4325 Asiam
617 4249 864 4348 Europamque
882 4249 1013 4324 factum
1042 4258 1095 4322 est
1124 4246 1208 4322 illud
1233 4246 1326 4343 quod
1346 4256 1468 4346 postea

207 4363 406 4439 discidium.

215 4569 220 4580 ,
258 4482 389 4556 Teucer
420 4492 562 4574 autem,
588 4493 771 4591 postquam
801 4481 917 4557 fratris
953 4478 1077 4554 merita
1116 4478 1401 4553 commemoravit
1427 4502 1468 4554 ac

209 4597 405 4674 succensuit
439 4597 566 4672 Atridis
597 4599 670 4698 ejus
702 4598 870 4674 beneficia
894 4595 1021 4686 oblitis,
1050 4616 1149 4669 suam
1168 4594 1277 4691 ipsius
1297 4594 1466 4690 originem

209 4714 268 4812 qui
287 4718 589 4802 somersetam
609 4698 799 4815 appellatus
826 4714 870 4788 sit
890 4735 969 4788 cum
988 4711 1188 4786 Atridarum
1206 4722 1307 4809 gente
1322 4733 1464 4809 compa-

205 4839 274 4925 rat,
288 4831 414 4931 quibus
428 4843 547 4909 amaus
566 4832 633 4908 luit
648 4832 831 4925 barbarus,
850 4841 949 4928 pater
961 4827 1126 4922 nefarius,
1146 4837 1256 4904 mater
1273 4826 1463 4926 impudica.
1527 4928 1540 4949 Ι
