3216 5408
715 373 776 413 '·r·
801 341 849 417 52
875 384 921 421 Ψ

198 481 359 580 inclytam
390 487 539 553 mortem
554 477 794 576 oppugnandis
812 477 986 552 moenibus
995 477 1106 574 Trojae
1124 477 1238 553 obire:
1260 489 1359 575 pater
1375 502 1473 555 eum*

190 597 446 703 'dedecoratum
464 605 614 692 respuat,
636 617 748 690 neque
764 592 830 690 ipsi
853 592 937 667 libet
968 593 1168 668 fortitudine
1185 595 1348 692 prodesse
1365 595 1456 670 Atri-

111 703 114 710 ’
198 709 260 784 dis.
289 709 382 807 Ergo
413 708 499 783 ratio
537 709 720 804 quaerenda
735 717 786 781 est
812 707 1072 803 qunTelamoni
1088 711 1246 784 ostendat
1261 733 1297 786 se
1311 710 1456 809 dignum

198 825 352 918 genitore
373 847 481 921 usque
497 822 749 920 permansisse:

236 1044 339 1119 Turpe
365 1049 413 1100 est
438 1040 521 1101 enim
548 1039 616 1102 viro
645 1042 769 1119 longam
798 1049 947 1119 expetere
975 1041 1079 1118 vitam,
1098 1044 1122 1103 si
1143 1043 1457 1104 ouimalorumnulla
1564 1074 1566 1078 ·

197 1140 352 1218 contingit
366 1138 521 1209 remissio,
539 1137 613 1216 quid
630 1138 711 1198 enim
728 1138 766 1198 ad
782 1138 864 1198 diem
894 1139 962 1200 dies
975 1141 1083 1217 juvare
1099 1151 1203 1218 potest
1219 1125 1354 1219 additus,
1370 1158 1457 1202 mor·

197 1248 323 1316 temque
337 1237 594 1317 procrastinans?
608 1236 698 1297 Haud
715 1253 774 1314 ego
791 1253 926 1298 emerem
942 1238 1093 1299 vilissimo
1116 1239 1219 1317 pretio
1234 1238 1456 1316 hominemqui

196 1337 280 1396 inani
295 1328 495 1415 spesovetnr.
512 1336 573 1397 Sed
586 1345 640 1396 ant
652 1336 784 1396 honeste
809 1335 924 1414 vivere,
948 1347 1003 1398 aut
1015 1338 1147 1398 honeste
1178 1337 1257 1399 mori
1272 1355 1457 1417 generosum

196 1435 297 1497 decet.
315 1436 444 1497 Omnem
459 1434 572 1496 audisti
589 1434 760 1495 orationem
776 1434 823 1520 (ll,
840 1433 899 1494 473
915 1434 996 1521 sqq).
1174 1417 1177 1429 ⁸

219 1741 223 1746 .
243 1667 444 1764 Respondet
456 1667 650 1756 Tecmessa,
668 1687 743 1762 qnae
767 1664 1026 1739 Andromaches
1040 1664 1132 1739 illins
1153 1665 1294 1762 vestigia
1310 1688 1458 1762 sequens

194 1783 345 1859 ferocem
386 1782 447 1856 viri
479 1792 629 1857 mentem
662 1805 799 1856 movere
837 1792 1001 1856 conatur:
1034 1782 1457 1879 pulcherrimum-locum

195 1901 270 1998 quis
288 1924 359 1975 non
386 1899 508 1974 millies
534 1900 638 1997 legit‘l
656 1900 722 1974 Sed
742 1909 925 1996 postquam
944 1900 1007 1973 bas
1030 1911 1130 1973 tooes
1145 1897 1355 1974 miserabiles
1374 1921 1457 1996 pro-

195 2014 313 2090 fodit:
1085 2028 1099 2074 ⁶

127 2191 131 2200 ’
234 2214 382 2286 Quaenam
396 2211 483 2283 mibi,
500 2229 620 2290 quaeso,
636 2223 738 2290 prote
762 2213 863 2291 patria
882 2213 958 2274 fiat?
973 2231 1043 2293 quae
1060 2217 1158 2292 opes?
1173 2214 1205 2274 in
1230 2223 1261 2275 te
1274 2231 1342 2277 mea
1356 2215 1458 2276 omnis

106 2350 108 2353 ν
195 2322 243 2374 est
257 2312 349 2373 salus.
369 2315 451 2390 Ergo
467 2312 572 2373 etmel
590 2311 794 2393 reminiscere
812 2311 859 2390 (V.
875 2312 933 2374 518
948 2313 1030 2393 sqq).

157 2661 158 2666 ,
243 2530 332 2645 erid
344 2582 431 2656 opus
444 2559 507 2633 luit
521 2560 645 2634 addere
670 2558 830 2657 lrigidam
856 2559 1113 2636 conclusionem
1130 2563 1455 2660 sophistedignissi-
1517 2587 1533 2611 ⁶

195 2675 315 2751 mam?

233 2877 347 2955 Utique
369 2875 468 2938 virum
498 2876 590 2937 decet
617 2893 787 2938 memorem
810 2893 895 2971 esse,
915 2877 1044 2940 sicunde
1067 2879 1148 2958 grati
1162 2879 1238 2958 quid
1258 2878 1454 2958 perceperit:

194 2975 292 3056 gratia
321 2974 404 3035 enim
434 2974 566 3053 gratiam
591 2991 715 3053 semper
741 2975 835 3054 parit.
864 2976 1057 3055 Cuicumque
1081 2996 1155 3040 uero
1184 2977 1282 3039 effluit
1308 2978 1455 3040 beneficii

193 3072 356 3146 memoria,
371 3072 398 3132 is
412 3072 496 3132 baud
510 3071 645 3149 amplius
661 3072 805 3149 generosi
819 3072 878 3133 riri
892 3073 1045 3135 habe'atur
1059 3073 1142 3135 loco.
1154 3073 1200 3154 (V.
1218 3076 1277 3135 520
1291 3074 1374 3154 sqq).

241 3324 350 3398 Heros
364 3292 444 3397 vero
464 3298 561 3397 nulla
579 3322 817 3399 obtestatione
837 3334 1032 3400 commotus
1059 3325 1182 3399 natum
1196 3288 1319 3400 adduci
1331 3325 1432 3425 jubet
1445 3347 1463 3429 :>

193 3443 274 3517 huic
309 3440 426 3515 omnia
453 3436 564 3514 fausta
587 3451 748 3538 precatur
778 3453 812 3514 et
840 3441 1031 3544 Tecmessae
1058 3441 1233 3537 choroque
1255 3442 1314 3516 dat
1333 3441 1455 3516 ultima

193 3557 367 3632 mandata.
381 3555 469 3628 Tum
490 3554 599 3630 claudi
616 3556 760 3654 januam
778 3553 901 3630 acerbe
917 3554 1028 3652 jubet,
1054 3576 1164 3650 neque
1187 3563 1303 3629 tamen
1326 3554 1454 3630 oratio-

194 3697 275 3749 nem
293 3672 502 3749 sententiose
520 3673 620 3748 finire
636 3672 795 3770 negligit:

233 3897 299 3956 lam
314 3912 400 3968 vero,
416 3893 539 3967 mulier,
551 3910 680 3970 puerum
695 3894 779 3954 hunc
793 3892 881 3953 ocius
897 3891 1014 3969 accipe,
1038 3891 1213 3968 domusque
1229 3888 1314 3953 fores
1327 3892 1451 3965 obsera,

194 4011 296 4072 neque
320 3994 359 4055 ad
386 3994 454 4053 haee
477 3991 612 4053 tentoria
637 3991 769 4053 incende
794 3993 908 4052 luctus.
923 3991 1017 4052 Valde
1032 4006 1107 4050 sane
1121 3998 1298 4068 promptum
1315 4001 1364 4053 est
1377 3992 1453 4053 llere

192 4091 319 4152 femina.
342 4090 437 4152 Ocius
453 4091 579 4168 januam
603 4086 709 4167 operi:
734 4104 796 4149 non
823 4097 871 4148 est
886 4086 1036 4164 sapientis
1052 4085 1165 4147 medici
1182 4085 1319 4147 earmina
1339 4102 1452 4148 canere

192 4189 308 4252 ferrum
324 4187 466 4267 poscenti
482 4187 564 4248 malo
579 4185 625 4266 (V.
640 4189 698 4248 578
713 4185 808 4266 sqq).

242 4419 420 4493 Extremus
449 4439 565 4492 versus
595 4414 699 4490 deleri
726 4436 830 4512 quem
848 4413 1035 4512 poeniteat?
1052 4415 1217 4490 Placuere
1232 4412 1451 4490 audientibus

192 4546 232 4611 ut
251 4557 353 4633 nugae
379 4532 446 4606 illae
473 4530 649 4620 amatoriae
676 4553 762 4627 quas
793 4529 828 4603 in
847 4553 949 4630 scena
967 4541 1087 4605 nostra
1118 4530 1237 4606 crebro
1267 4528 1450 4621 Curiatius,

117 4692 119 4697 ·
193 4652 302 4727 Cinna
317 4649 444 4747 aliique
463 4659 645 4746 usurpant,
667 4637 813 4722 Cornelii
829 4646 1016 4743 aequalibus
1032 4646 1228 4744 placebant.

239 4768 344 4866 Ajace
357 4777 508 4858 mortno,
527 4763 654 4841 desinit
665 4763 782 4842 fabula
793 4761 831 4836 in
847 4762 987 4861 longam
1001 4763 1091 4840 inter
1103 4767 1277 4840 Teucrum
1290 4761 1448 4838 Atridas·
