3216 5408
694 432 744 450 ..
767 390 817 466 35·
842 431 892 449 ..

166 612 169 618 ,
213 506 392 604 Vocabulo
410 528 519 604 utitur
538 528 678 628 proprio
709 551 749 604 ac
775 526 969 604 dominanti
1002 539 1154 619 emenso,
1183 545 1296 622 neque
1324 522 1429 621 quid-

168 669 271 745 quam
295 644 387 721 inter
401 659 523 733 pecua
541 657 575 723 et
603 637 953 746 Thucydideumoipoc
976 647 1131 725 interest.
1166 642 1249 729 Quae
1279 663 1424 739 respon-

166 765 295 840 dentur
308 787 328 840 a
342 788 423 864 rege
441 766 458 840 ‘l

121 924 125 931 ⁴
205 901 293 1023 Quali
320 949 526 1013 lustratione?
540 985 580 998 -
595 953 700 1014 V.,99.

214 1124 338 1202 Civitas
354 1151 481 1228 nempe
498 1129 668 1228 sacrilegii
686 1129 878 1224 expiatione
891 1129 964 1226 jam
980 1123 1160 1224 purganda
1174 1129 1236 1198 est.
1253 1116 1424 1194 Continuo

168 1242 210 1317 de
233 1243 324 1317 caede
358 1243 430 1318 Laii
465 1245 576 1341 agitur
607 1269 683 1343 quae
708 1245 842 1319 nullum
876 1246 990 1320 adhuc
1028 1240 1197 1316 vindicem
1233 1235 1451 1323 habuerat,

167 1356 411 1433 Thebanorum
430 1360 553 1435 animis
577 1361 746 1458 Spbyugis
766 1360 923 1458 praesenti
942 1357 1143 1434 erudelitate
1163 1350 1352 1449 occupatis.
1372 1348 1428 1424 Sic

168 1474 366 1550 devenimus
381 1478 425 1552 ad
450 1477 545 1553 illam
572 1478 783 1553 horrendam
809 1460 993 1554 lormulam
1013 1464 1089 1572 quae
1117 1469 1221 1547 Medii
1253 1466 1315 1543 aevi
1344 1488 1428 1541 ana·

169 1593 321 1667 themata
339 1591 375 1667 in
395 1594 601 1671 memoriam
616 1604 775 1670 revocat:

200 1757 404 1854 ¹Quicumque
418 1795 553 1856 uuquam
579 1788 714 1840 vestrum
731 1778 818 1839 noxit
831 1777 922 1853 cujus
936 1773 1072 1836 hominis
1086 1787 1183 1841 manu
1194 1769 1285 1829 Laius
1295 1763 1429 1827 Labdaci

170 1873 319 1952 perierit,
344 1885 394 1937 etc
401 1922 487 1940 .....
506 1879 541 1938 V.
557 1877 615 1938 rut
630 1895 678 1956 sq.

218 2052 305 2126 llira
327 2063 437 2150 poetae
465 2053 499 2127 in
521 2053 644 2130 eximio
673 2055 749 2130 loco
764 2078 820 2129 ars
835 2074 1014 2152 nunquam
1042 2044 1122 2124 satis
1149 2044 1346 2121 laudabitur
1371 2041 1429 2140 qui

170 2168 341 2265 duplicem
357 2170 468 2244 verbis
488 2170 603 2269 OEdipi
621 2194 760 2246 sensum
779 2171 906 2268 ubique
922 2167 1054 2244 dederit
1069 2174 1107 2239 ut
1121 2166 1260 2238 carmen
1275 2180 1431 2234 exsecra-

169 2284 237 2359 bile
262 2284 297 2358 in
314 2308 432 2384 regem
450 2286 564 2384 ipsum
581 2311 651 2361 suae
666 2287 768 2361 sortis
782 2286 939 2360 nescium
965 2284 1088 2358 cadere
1102 2278 1280 2352 audientes
1305 2272 1431 2347 intelli-

169 2411 262 2497 gant.

219 2517 355 2593 Similes
374 2518 625 2594 exsecrationes
652 2518 800 2615 legimus
828 2517 861 2591 in
883 2517 1055 2595 AEsehinis
1087 2516 1241 2593 oratione
1266 2530 1370 2607 quam
1395 2506 1431 2580 in

172 2632 430 2732 Ctesiphontem
445 2635 579 2727 habuit,
590 2658 666 2732 quae
683 2633 761 2709 licet
773 2635 845 2730 ejus
862 2637 982 2727 aetatis,
999 2661 1066 2735 qua
1083 2636 1187 2710 Solon
1202 2624 1349 2725 vigebat,
1360 2646 1433 2720 esse

172 2748 491 2843 videantur,tamen
517 2753 749 2826 recentiorum
776 2749 976 2826 Graecorum
1009 2752 1126 2851 pietati
1155 2758 1233 2848 apte
1249 2741 1432 2821 convenie-

172 2865 269 2954 bant,
289 2876 385 2942 ulex
411 2868 559 2943 oratoris
584 2868 693 2964 ipsius
712 2867 824 2940 verbis
842 2880 874 2941 et
899 2869 1136 2966 indignatione
1155 2866 1245 2939 bene
1273 2859 1430 2936 ellicitur.

171 2982 352 3057 AEschines
370 2985 508 3081 quidem
535 3006 714 3080 nunquam
735 2992 817 3061 tam·
834 2985 1057 3059 vehementer
1081 2983 1224 3060 referret
1257 2999 1332 3075 quae
1357 2974 1433 3087 dira

172 3109 304 3171 veteres
321 3099 425 3196 graeci
444 3097 624 3196 imprecati
639 3107 753 3172 essent
770 3098 806 3170 in
827 3122 907 3173 eum
928 3093 1137 3197 quicumque
1160 3117 1295 3170 sacrum
1327 3090 1433 3189 Apol-

172 3216 231 3290 lini
242 3217 356 3291 locum
373 3217 519 3314 prolano
534 3240 598 3290 usu
619 3225 813 3304 temeraret,
830 3216 894 3289 nisi
915 3218 983 3291 acri
997 3241 1059 3293 suo
1072 3214 1187 3291 studio
1202 3207 1434 3287 etiracundiae

172 3355 291 3431 parem
321 3332 355 3405 in
371 3332 586 3408 audientium
613 3332 737 3405 animis
763 3333 1078 3409 consternationem
1093 3330 1319 3407 existimasset
1336 3346 1434 3400 conx-

154 3459 307 3553 ¹motum
322 3449 374 3523 iri.

221 3563 310 3638 Hinc
328 3563 526 3660 sabulajam
558 3562 647 3637 sacili
672 3585 775 3637 cursu
809 3563 1045 3661 progredietur
1070 3560 1433 3657 consummabiturque

175 3680 239 3756 diis
263 3679 377 3754 debita
409 3679 567 3776 expiatio.
601 3678 679 3753 Non
704 3680 776 3753 sola
804 3691 914 3754 mater
942 3680 1152 3756 communis·
1168 3676 1288 3774 flagitii
1314 3699 1434 3772 poenas

174 3797 352 3893 expendet,
369 3818 486 3869 verum
507 3819 581 3870 sese
607 3795 715 3870 atroci
744 3795 883 3871 vulnere
911 3795 1090 3871 mulctabit
1119 3793 1291 3890 OEdipus3
1320 3814 1434 3866 coecus

174 3912 243 4001 fiet,
259 3911 350 4007 quod
363 3909 478 4010 cyclici
499 3895 797 4008 poetae'uusquam
812 3911 970 3986 videntur
988 3909 1199 4000 meminisse,
1212 3931 1253 3983 ac
1267 3908 1309 3982 de
1326 3918 1436 3982 teme·
1460 3981 1462 3985 .

174 4038 249 4102 rato
262 4039 297 4103 et
312 4027 515 4123 importuno
535 4028 681 4123 imperio
696 4031 873 4103 concedet.
1143 4038 1144 4043 ’
1513 4011 1516 4018 ’

223 4145 340 4218 Poetae
355 4143 485 4242 tragici,
506 4144 590 4217 dum
607 4167 661 4218 res
688 4145 963 4219 Labdacidarum
990 4144 1039 4219 sic
1058 4141 1240 4218 mutabant
1271 4142 1436 4216 emenda-

159 4259 329 4356 bautque
360 4260 437 4356 (l),
470 4258 687 4333 inanimum
720 4260 932 4334 inducebant
971 4272 1010 4334 ut
1048 4259 1215 4357 majorem
1252 4255 1436 4356 expiationi

176 4373 453 4473 magnitudinem
480 4386 515 4450 et
531 4377 599 4448 vim
622 4377 803 4450 adderent.
837 4377 928 4473 Ergo
949 4376 990 4450 de
1020 4374 1142 4450 tribus*
1165 4375 1254 4450 natis
1280 4395 1366 4471 quos
1397 4395 1436 4447 ex

213 4591 247 4662 (ll
264 4591 358 4653 Quum
381 4593 441 4663 jam
465 4591 574 4664 priores
586 4597 675 4663 poetoe
698 4593 733 4647 de
757 4591 839 4647 rebus
854 4593 976 4663 antiquis
991 4592 1065 4647 inter
1088 4608 1119 4647 se
1138 4591 1343 4662 discreparent,
1367 4594 1438 4646 ute

178 4681 303 4749 reliquiis
319 4685 411 4751 patet,
431 4681 531 4750 tragici
550 4681 623 4735 inter
636 4682 730 4736 varius
749 4681 937 4736 fabulaseam
962 4697 1023 4751 quae
1037 4683 1142 4753 optime
1161 4684 1305 4753 proposito
1320 4693 1439 4751 respon·

178 4767 259 4824 deret
274 4769 395 4838 eligere,
412 4769 488 4823 nullo
507 4768 678 4838 denegante,
705 4777 869 4842 potuerunt.
898 4771 943 4826 Sic
960 4772 1073 4827 omnino
1097 4770 1240 4841 Euripidis
1261 4765 1408 4841 Supplices
1423 4784 1440 4822 a

179 4859 475 4932 SophocIIsAntlgone
490 4857 635 4916 differunt.
717 4893 718 4898 κ
