3216 5408
137 584 141 591 1
182 483 254 580 jam
272 483 475 561 interfuerat
490 510 565 584 quae
582 487 699 563 omnia
726 486 919 563 necessaria
942 483 1101 582 Ulyssem
1116 505 1253 580 unaque
1269 481 1449 581 audientes

185 601 382 692 edocuerat.

185 737 192 752 ·
233 715 273 789 ln
305 717 496 792 Trachiniis
525 718 691 795 Hercules
724 719 797 793 diro
819 716 987 814 supplicio
1015 715 1187 791 cruciatus
1208 716 1348 790 oracula
1374 738 1450 812 quae

184 830 288 906 verba
300 833 359 906 filil
373 833 408 906 in
424 835 630 909 memoriam
650 844 830 922 revocant,
848 833 987 907 tandem
1006 831 1167 930 intelligit
1187 831 1450 929 proximamque

185 957 333 1023 mortem
351 949 422 1046 jam
453 950 587 1026 sortiter
605 951 744 1026 intuens
775 951 939 1049 quadam.
957 948 1046 1022 inter
1063 949 1199 1023 dolores
1225 947 1332 1022 animi
1363 970 1449 1045 pace

184 1064 397 1160 compositus
412 1066 572 1163 quiescit.

178 1198 182 1205 ·
231 1179 429 1255 Plriloctetis
442 1194 476 1257 et
492 1183 711 1280 Neoptolemi
739 1183 874 1258 sociatis
905 1182 1035 1290 viribus
1062 1180 1204 1279 Trojam
1226 1191 1365 1278 captum
1395 1178 1448 1270 iri,
1544 1269 1546 1274 .

161 1304 218 1370 ·et
246 1297 289 1371 ab
321 1299 510 1396 Asclepidis
528 1299 727 1375 Philoctetis
746 1300 873 1400 ¹vulnus
892 1310 1051 1373 sanatum
1081 1296 1135 1387 iri,
1156 1296 1311 1371 Helenus
1338 1318 1448 1391 augur

183 1415 378 1511 predixisse
394 1418 540 1492 retertur
557 1443 564 1490 :
583 1419 657 1494 haec
670 1429 787 1494 autem
802 1430 854 1493 est
869 1417 975 1493 totius
990 1415 1116 1490 fabulae
1131 1437 1269 1505 summa
1288 1414 1342 1512 (v.
1360 1411 1444 1504 out,

143 1588 149 1602 .
181 1553 256 1628 sq.‚
280 1533 382 1620 tuac,
398 1534 460 1631 sq).

229 1647 363 1725 Orestes
382 1651 417 1723 in
434 1651 568 1726 Electra
587 1652 710 1727 Phoebi
727 1653 869 1727 oraculo
889 1661 988 1749 paret
1009 1677 1016 1723 ;
1040 1650 1310 1748 Clytaemnestra
1327 1657 1445 1720 autem

180 1786 242 1860 per
262 1766 437 1839 somnium
457 1768 602 1843 deorum
625 1767 809 1843 consilium
825 1766 992 1862 aperitur.
1247 1786 1248 1790 ’
1437 1754 1442 1765 ’

229 1881 376 1978 OEdipus
394 1905 414 1957 a
444 1887 532 1959 natis
551 1885 585 1958 in
604 1885 745 1960 exilium
776 1885 920 1981 ejectus,
940 1881 1001 1958 ubi
1034 1906 1054 1956 a
1074 1880 1253 1956 Coloniata
1274 1878 1381 1954 audiit
1405 1901 1443 1953 se

179 1993 338 2070 Dirarum
375 2000 493 2073 sedern
518 1999 778 2092 intrasseiinde
809 2023 845 2073 se
874 2021 1030 2095 unquam
1060 2018 1282 2094 egressurum
1310 2004 1441 2091 negat:

181 2124 260 2207 post
282 2110 363 2188 deas
378 2113 469 2212 ipsas
499 2130 674 2214 precatur.
694 2115 830 2188 Scilicet
845 2112 876 2188 ei
898 2114 1021 2212 Apollo
1042 2112 1124 2188 olim
1146 2110 1299 2208 praedixit
1327 2108 1387 2184 ubi
1406 2109 1441 2182 in

181 2237 306 2303 terram
331 2230 420 2305 Diris
438 2256 572 2307 sacram
588 2232 793 2322 devertisset,
819 2254 894 2305 eam
916 2231 989 2305 lore
1006 2230 1125 2303 sedem
1151 2227 1303 2324 quietam
1331 2226 1443 2300 malo·

179 2365 375 2440 rumqueac
387 2346 464 2420 vitae
474 2347 579 2427 finem
594 2345 652 2444 qui
669 2346 761 2420 bona
775 2344 935 2440 benignis
945 2343 1140 2441 hospitibus
1155 2342 1307 2430 afferret,
1322 2363 1442 2414 verum

179 2457 267 2531 mala
300 2459 341 2533 lis
372 2462 431 2559 qui
455 2486 575 2538 senem
599 2463 778 2562 ejecissent
805 2460 999 2535 inexilium
1032 2460 1258 2555 relinqueret:
1287 2470 1441 2532 ceterum

172 2573 316 2670 signum
338 2578 472 2654 coelitus
489 2579 628 2676 aliquod
644 2602 714 2654 non
729 2579 859 2660 delore.
1219 2674 1223 2684 .

148 2787 151 2795 Ι
225 2690 277 2765 lta
292 2716 332 2766 ex
348 2695 485 2770 oraculo
508 2696 632 2770 Phcebi
653 2696 829 2792 tragoediae
856 2695 1098 2794 pulcherrimae
1111 2694 1238 2791 pendet
1256 2715 1441 2788 argumen-

178 2817 263 2881 tum.
283 2808 322 2881 ln
360 2811 473 2885 Attica
507 2813 669 2887 consistet
699 2813 844 2911 OEdipus
886 2836 989 2910 quem
1009 2814 1052 2887 ab
1086 2809 1247 2891 violentia
1285 2809 1440 2884 Creontis

177 2918 234 2996 rex
251 2925 403 3000 Theseus
417 2927 588 3019 desendet,
608 2951 671 3002 nec
700 2927 865 3002 reducent
883 2950 1002 3024 preces
1015 2925 1189 3024 Polynicis
1213 2951 1220 2996 :
1253 2924 1441 3000 Athenien·

177 3037 272 3112 sibus
299 3040 449 3138 reliquiae
484 3042 667 3117 miserrimi
697 3044 812 3117 herois
855 3042 973 3116 omnia
1006 3047 1117 3115 lausta
1152 3040 1366 3137 portendant
1400 3063 1441 3115 ac

177 3155 411 3250 spondebunt.
433 3155 512 3252 lpse
540 3173 657 3235 autem
678 3158 837 3256 OEdipus,
857 3173 965 3256 quum
992 3155 1175 3255 Polynices
1205 3156 1304 3230 adest
1330 3155 1439 3252 patris

176 3291 279 3366 opem
297 3273 488 3368 postulans,
518 3272 677 3350 loturum
696 3274 849 3362 filiorum
865 3274 1007 3349 exitium
1026 3273 1062 3348 in
1090 3271 1180 3348 tristi
1203 3271 1439 3348 exsecratione

176 3384 397 3462 vaticinatur.
935 3474 938 3480 ,

223 3500 263 3575 ln
296 3502 420 3600 OEdipo
451 3503 612 3602 Tyranno
631 3503 784 3578 divinum
813 3503 940 3601 ubique
969 3526 1098 3579 numen
1132 3524 1284 3600 praesens
1311 3501 1436 3593 adest,

175 3617 269 3690 nulla
296 3641 445 3714 usquam
487 3620 601 3715 prodit
630 3619 745 3718 divina
787 3640 946 3716 persona.
982 3618 1035 3692 Ab
1066 3617 1226 3713 Apolline
1256 3616 1439 3691 consilium

175 3733 439 3831 remediumque
466 3735 639 3810 malorum
659 3735 832 3810 civitatem
864 3735 1061 3810 vexantium
1089 3720 1235 3829 OEdipus
1263 3732 1435 3831 petierat:

102 3866 104 3871 ·
175 3848 279 3935 refert
291 3849 400 3925 Creon
428 3872 634 3948 responsum
662 3851 733 3927 Dei.
757 3851 989 3926 Arcessirerat
1008 3849 1177 3924 Tiresiam
1205 3847 1438 3952 quiprimum

176 3973 278 4054 tacet,
317 3965 463 4063 denique
497 3967 585 4063 regis
623 3967 747 4065 jurgiis
782 3967 959 4044 lacessitus
995 3965 1174 4041 veritatem
1228 3963 1436 4039 horrendam

174 4079 317 4178 promit,
349 4081 552 4180 futurasque
582 4083 687 4158 etiam
707 4085 826 4181 OEdipi
848 4083 1062 4160 calamitates
1089 4078 1258 4179 praedicit.
1291 4078 1439 4154 Advenit
1495 4066 1500 4083 ¹

172 4219 253 4272 vero
271 4197 408 4273 locuste
422 4221 497 4293 quae
508 4221 548 4273 ex
565 4200 704 4276 oraculo
720 4201 846 4276 Laium
860 4200 931 4275 filio
945 4223 1050 4298 quem
1065 4197 1223 4296 gigneret
1241 4196 1438 4271 necandum

132 4394 135 4400 ⁴
172 4311 276 4390 fuisse
294 4326 475 4407 memorat,
503 4315 672 4394 infantem
700 4319 840 4394 veroin
874 4330 995 4397 monte
1028 4313 1236 4411 expositum,
1261 4312 1388 4417 'Laium
1417 4335 1439 4388 a

171 4428 364 4508 latronibus
379 4431 533 4508 occisum
548 4458 636 4512 esse.
655 4434 798 4512 Fatetur
815 4447 931 4511 autem
947 4457 984 4510 se
1009 4431 1189 4509 oraculum
1206 4453 1276 4505 non
1292 4454 1332 4505 ex
1360 4428 1437 4528 ipso

170 4544 342 4644 Apolline,
361 4550 421 4624 sed
448 4573 487 4626 ex
515 4551 682 4628 ministris
713 4551 787 4650 ejus
824 4551 1010 4648 accepisse,
1038 4572 1143 4646 quam
1189 4545 1437 4622 correctionem
1553 4567 1556 4570 ·

170 4686 349 4761 nunquam
363 4664 517 4745 Homero
544 4671 580 4744 in
609 4680 761 4748 mentem
781 4669 1008 4747 succurrisset
1028 4667 1205 4743 adhibere.
1223 4665 1268 4745 At
1288 4663 1436 4762 OEdipus

172 4791 312 4858 enarrat
339 4806 376 4859 se
408 4785 513 4862 etiam
542 4787 738 4891 Apollinem
768 4786 999 4886 interrogasse
1024 4785 1069 4863 de
1097 4797 1176 4860 ortu
1208 4805 1293 4858 suo:
1316 4779 1437 4858 omnia
