3216 5408
657 371 853 444 ...15-

123 529 294 596 concessa,
313 530 380 604 qua
411 528 489 579 vero
518 505 652 578 feminae
682 502 906 577 Athenienses
939 494 1384 593 democratiaetemporibus

125 621 301 695 carebant.
337 620 455 693 Patria
483 607 632 715 dignitas
656 628 768 691 totum
796 639 900 714 suum
919 614 1069 690 decusin
1084 611 1223 685 Priamo
1243 610 1382 705 profert,

123 760 189 810 nec
206 729 318 811 minus
333 737 367 808 in
387 736 517 832 Ulysse,
532 736 595 808 etsi
616 733 686 829 regi
701 734 850 816 Troiano
864 731 995 806 accedit
1015 729 1176 826 majestas
1190 725 1384 824 augustior,
1417 764 1419 769 ·
1476 823 1479 830 Ι

125 853 184 950 qui
195 855 285 928 inter
301 853 466 949 plurimos
486 863 596 942 natos,
614 851 650 924 in
667 849 837 948 opulentis
867 848 999 922 aedibus
1013 844 1243 920 Asiaticorum
1261 864 1386 938 regum

126 968 275 1064 speciem
289 967 439 1066 aliquam
471 966 570 1063 gerit.
602 967 897 1039 Parentesautem
922 958 1387 1057 aliberisjnstareverentia

127 1083 298 1174 coluntur,
318 1066 459 1156 Laertes
480 1081 523 1154 ab
543 1080 673 1178 Ulysse,
688 1079 826 1176 Ulysses
845 1101 865 1150 a
887 1077 1108 1162 Telemacho.
1131 1074 1256 1148 Omnia
1270 1085 1387 1148 autern

129 1197 240 1272 officia
256 1220 492 1295 quaecumque,
511 1207 550 1269 ut
562 1195 610 1268 ita
627 1195 750 1285 dicam,
770 1193 901 1278 circum
926 1184 1072 1265 Penates
1091 1189 1268 1286 Laresque
1285 1189 1389 1281 frunt,

44 1327 48 1333 ’
129 1313 288 1386 Dirarum
319 1336 384 1410 ope
416 1324 449 1387 et
482 1305 638 1409 praesenti
673 1332 811 1406 semper
838 1306 980 1383 numine
1016 1305 1218 1382 sanciuntur
1250 1328 1389 1380 servan-

130 1436 266 1522 turque.
290 1469 334 1482 --
349 1427 398 1500 De
413 1425 516 1500 servis
547 1424 650 1499 modo
669 1424 824 1498 dicemus
841 1422 1044 1497 nonnullam
1062 1434 1151 1519 saepe
1168 1421 1257 1494 inter
1272 1443 1332 1496 eos
1350 1443 1391 1494 ac
1423 1431 1424 1434 ’

14 1618 33 1633 ⁹
131 1539 289 1615 dominos
307 1539 575 1614 familiaritatem
591 1538 814 1630 intercedere,
829 1561 936 1634 quum
956 1534 1111 1618 moribus
1131 1559 1172 1611 oc
1191 1535 1391 1632 disciplinis

132 1675 200 1727 non
228 1677 306 1730 raro
333 1655 437 1731 etiam
462 1665 541 1730 ortu
575 1677 695 1751 pares,
742 1651 946 1728 conditionis
974 1651 1219 1726 tantummodo
1255 1649 1395 1734 fortuna

132 1768 309 1844 distarent.

49 1911 52 1913 ·
89 1876 97 1893 '
166 1887 233 1961 Ea
251 1886 458 1983 autemjura
477 1886 600 1984 quibus
631 1886 789 1960 homines
822 1909 891 1961 non
919 1886 1038 1959 eadem
1054 1886 1162 1982 stirpe
1180 1883 1315 1960 oriundi
1336 1897 1396 1958 aut

136 2000 340 2079 noneodem
360 2004 528 2078 subtecto
564 2003 711 2078 viventes
737 2003 827 2077 inter
856 2028 892 2078 se
913 1985 1186 2101 conjunguntur,
1204 2003 1394 2087 admodum

128 2145 247 2221 ¹panca
264 2131 357 2196 sunt.
391 2121 558 2196 Amicitiae
571 2121 731 2196 coluntur
762 2135 796 2195 et
816 2120 982 2218 hospitia3
998 2120 1185 2196 audiuntur
1202 2120 1397 2217 supplicum

140 2260 271 2334 preces,
301 2237 330 2310 si
355 2236 420 2310 rite
447 2235 686 2333 proferuntur3
717 2235 919 2310 observatur
954 2235 1177 2335 jurisJurandi
1203 2235 1301 2310 fides.
1318 2235 1397 2309 Non

139 2351 289 2426 Patrocli
307 2364 341 2426 et
358 2350 498 2426 Achillis
517 2362 680 2426 mutuum
698 2375 868 2440 amorem,
893 2364 952 2425 aut
973 2375 1075 2449 quam
1091 2352 1239 2448 benigne
1259 2353 1398 2451 Ulysses

140 2469 232 2563 apud
246 2468 385 2564 ignotos
406 2469 613 2566 excipiatur,
644 2463 1075 2544 memorabimus.'Unum
1097 2469 1397 2545 animadvertatur.

141 2585 189 2658 Ea
205 2607 280 2682 quae
299 2585 444 2682 hospitis
463 2597 522 2660 aut
548 2584 711 2683 supplicis
726 2585 918 2660 reverentia
932 2585 1095 2683 usurpari
1113 2586 1212 2675 solet,
1232 2585 1399 2681 religione

141 2698 253 2796 aliqua
272 2722 352 2774 curn
383 2699 477 2775 Laris
506 2700 684 2775 domestici
714 2702 814 2776 cultu
839 2693 1178 2775 contineri'videtur.
1205 2698 1257 2772 Ad
1279 2699 1395 2774 locum

141 2812 278 2914 Ulysses
297 2818 422 2892 assidet
436 2829 617 2915 postquam
633 2817 790 2915 reginam
816 2819 943 2891 Areten
971 2816 1090 2907 oravit,
1114 2839 1178 2912 nec
1192 2815 1291 2889 aliter
1310 2817 1400 2891 The-

141 2931 314 3008 mistoclcs
342 2957 361 3006 a
386 2956 466 3030 rege
491 2933 718 3008 Molossorum
751 2955 852 3031 opem
889 2942 924 3005 et
951 2930 1149 3029 praesidium
1180 2930 1295 3005 multis
1322 2945 1402 3028 post

141 3048 239 3122 annis
257 3047 355 3144 petit.
372 3046 530 3145 Hospites
541 3061 671 3138 autem,
686 3048 857 3144 supplices
877 3057 910 3121 et
923 3045 1150 3143 jurisjurandi
1165 3047 1269 3119 tidem
1286 3062 1402 3144 prote·

141 3163 188 3258 git
204 3163 348 3260 Jupiter,
375 3164 477 3245 modo
507 3164 570 3237 rite
601 3163 777 3237 invocatus
807 3163 920 3250 luerit,
940 3186 1050 3260 neque
1071 3162 1200 3264 patitpr
1220 3187 1256 3238 se
1276 3165 1403 3240 lrustra

123 3288 264 3357 ,testem
285 3277 452 3353 adhiberi,
839 3289 842 3294 “
1042 3290 1044 3294 ‘

192 3395 369 3470 Addamus
387 3420 501 3471 mores
532 3395 669 3470 Graeciae
697 3397 845 3494 antiquae
867 3419 972 3494 puros
992 3421 1032 3472 ao
1056 3398 1207 3475 sinceros
1229 3400 1344 3489 luisse,
1367 3402 1405 3472 ut
1520 3475 1523 3482 ,

147 3513 249 3588 etiam
261 3514 377 3588 adhuc
392 3515 564 3590 Homerus
581 3514 745 3613 legendus
764 3523 866 3611 atque
887 3514 1090 3589 ediscendus
1111 3516 1349 3591 adolescentiae
1369 3517 1403 3589 in

147 3654 269 3706 manus
295 3627 461 3707 tradatur.
492 3631 570 3706 Jam
602 3630 828 3728 simplexilla
860 3640 1010 3704 vetustas
1040 3633 1189 3706 veriores
1203 3625 1401 3706 animorum

148 3746 299 3839 affectus,
309 3747 456 3838 dolores,
471 3753 618 3838 amores,
628 3747 842 3844 gaudia,iras
851 3738 993 3843 praebet,
1009 3747 1404 3846 magnitudinequadarn

149 3863 285 3938 heroica
300 3862 500 3937 hominibus
519 3861 663 3959 adjecta,
680 3848 719 3935 u't
736 3861 937 3938 recentioris
951 3861 1012 3935 aeri
1033 3863 1199 3937 lectorem
1214 3863 1406 3959 juventutis

149 3977 364 4052 validissimae
378 3976 491 4073 specie
509 3977 585 4050 laeta
601 3987 742 4075 captum
759 3975 927 4050 detineat.

94 4187 97 4193 1
198 4091 385 4190 Religionis
400 4091 548 4186 antiquae
572 4113 612 4165 ac
641 4114 719 4166 vere
747 4089 922 4166 hellenicae
936 4091 1136 4187 simplicitas
1153 4103 1187 4165 et
1203 4092 1295 4166 clara
1311 4089 1410 4168 sere·
1474 4128 1476 4132 ⁴

108 4231 113 4235 ·
151 4207 238 4281 nitas
259 4208 415 4282 nondum
428 4206 567 4281 asiatica
580 4207 832 4304 superstitione,
844 4207 970 4304 pietate
985 4208 1189 4304 quaesitiore,
1199 4210 1407 4306 sapientium

153 4321 286 4419 placitis
305 4323 492 4398 commixta
522 4335 608 4396 erat.
645 4323 738 4397 lnter
770 4323 852 4397 deos
879 4323 1012 4422 Jupiter
1041 4323 1131 4397 idem
1153 4347 1298 4421 regnum
1317 4327 1408 4422 quod

154 4437 368 4536 Agamemno
383 4439 473 4512 inter
492 4439 596 4529 duces
611 4450 762 4532 exercet3
778 4439 820 4512 ab
836 4438 1034 4513 hominibus
1055 4439 1106 4512 vix
1117 4440 1209 4514 aliud
1223 4441 1411 4537 quidquam

154 4574 195 4628 ac
208 4551 335 4628 modici
366 4553 479 4628 cultus
507 4552 721 4629 caerimonias
757 4553 871 4652 exigit.
884 4553 938 4627 Dii
958 4562 1074 4628 autem
1093 4554 1360 4647 noncommuni
1380 4567 1414 4629 et

155 4692 253 4766 aequa
266 4691 360 4760 cura,
375 4682 540 4769 tanquam
554 4671 683 4746 summi
701 4684 860 4761 rectores,
880 4693 934 4745 res
954 4670 1124 4745 humanas
1142 4672 1412 4768 amplectuntur,

157 4784 217 4858 sed
253 4783 373 4858 iisdem
400 4806 448 4859 ‘ac
487 4775 651 4859 mortales
682 4783 748 4881 ipsi
792 4783 970 4860 affectibus
1003 4784 1141 4860 obnoxii
1173 4785 1346 4860 amicitias
1370 4809 1411 4862 ac
