<?xml version="1.0" encoding="UTF-8"?>
<!DOCTYPE html PUBLIC "-//W3C//DTD XHTML 1.0 Transitional//EN"
    "http://www.w3.org/TR/xhtml1/DTD/xhtml1-transitional.dtd">
<html xmlns="http://www.w3.org/1999/xhtml" xml:lang="en" lang="en">
 <head>
  <title>
</title>
<meta http-equiv="Content-Type" content="text/html;charset=utf-8" />
  <meta name='ocr-system' content='tesseract 3.04.00' />
  <meta name='ocr-capabilities' content='ocr_page ocr_carea ocr_par ocr_line ocrx_word'/>
</head>
<body>
  <div class='ocr_page' id='page_1' title='image "./sophoclemaequal00castgoog_0023.png"; bbox 0 0 3216 5408; ppageno 0'>
   <div class='ocr_carea' id='block_1_1' title="bbox 134 517 1566 4455">
    <p class='ocr_par' dir='ltr' id='par_1_1' title="bbox 221 517 1566 968">
     <span class='ocr_line' id='line_1_1' title="bbox 227 517 1480 625; baseline 0.003 -35"><span class='ocrx_word' id='word_1_1' title='bbox 227 517 427 625; x_wconf 86' lang='lat' dir='ltr'>propinquis</span> <span class='ocrx_word' id='word_1_2' title='bbox 446 531 618 596; x_wconf 74' lang='lat' dir='ltr'><strong>carentem</strong></span> <span class='ocrx_word' id='word_1_3' title='bbox 637 533 870 598; x_wconf 77' lang='lat' dir='ltr'><strong>contemnant.</strong></span> <span class='ocrx_word' id='word_1_4' title='bbox 890 523 982 598; x_wconf 90' lang='lat' dir='ltr'>Neve</span> <span class='ocrx_word' id='word_1_5' title='bbox 1015 523 1196 621; x_wconf 86' lang='lat' dir='ltr'>objiciatur</span> <span class='ocrx_word' id='word_1_6' title='bbox 1225 525 1339 598; x_wconf 91' lang='lat' dir='ltr'>minus</span> <span class='ocrx_word' id='word_1_7' title='bbox 1365 545 1480 598; x_wconf 87' lang='lat' dir='ltr'>exem-</span> 
     </span>
     <span class='ocr_line' id='line_1_2' title="bbox 225 623 1566 736; baseline 0.004 -30"><span class='ocrx_word' id='word_1_8' title='bbox 225 633 320 729; x_wconf 89' lang='lat' dir='ltr'>plum</span> <span class='ocrx_word' id='word_1_9' title='bbox 347 634 543 710; x_wconf 75' lang='lat' dir='ltr'>Telemachi</span> <span class='ocrx_word' id='word_1_10' title='bbox 569 638 700 729; x_wconf 88' lang='lat' dir='ltr'>volare,</span> <span class='ocrx_word' id='word_1_11' title='bbox 726 638 818 735; x_wconf 94' lang='lat' dir='ltr'>quod</span> <span class='ocrx_word' id='word_1_12' title='bbox 845 638 960 712; x_wconf 81' lang='lat' dir='ltr'><strong>forsan</strong></span> <span class='ocrx_word' id='word_1_13' title='bbox 980 640 1054 735; x_wconf 85' lang='lat' dir='ltr'>ejus</span> <span class='ocrx_word' id='word_1_14' title='bbox 1074 623 1170 736; x_wconf 73' lang='lat' dir='ltr'>pater</span> <span class='ocrx_word' id='word_1_15' title='bbox 1186 652 1266 713; x_wconf 90' lang='lat' dir='ltr'>ante</span> <span class='ocrx_word' id='word_1_16' title='bbox 1285 639 1477 714; x_wconf 78' lang='lat' dir='ltr'>discessum</span> <span class='ocrx_word' id='word_1_17' title='bbox 1563 635 1566 641; x_wconf 80' lang='grc'><strong>’</strong></span> 
     </span>
     <span class='ocr_line' id='line_1_3' title="bbox 221 748 1481 850; baseline 0.002 -27"><span class='ocrx_word' id='word_1_18' title='bbox 221 748 295 845; x_wconf 90' lang='lat' dir='ltr'>jam</span> <span class='ocrx_word' id='word_1_19' title='bbox 310 751 487 826; x_wconf 89' lang='lat' dir='ltr'>communi</span> <span class='ocrx_word' id='word_1_20' title='bbox 511 752 636 831; x_wconf 88' lang='lat' dir='ltr'>invidia</span> <span class='ocrx_word' id='word_1_21' title='bbox 656 753 881 850; x_wconf 82' lang='lat' dir='ltr'>conflagraret</span> <span class='ocrx_word' id='word_1_22' title='bbox 898 777 972 850; x_wconf 90' lang='lat' dir='ltr'>quae</span> <span class='ocrx_word' id='word_1_23' title='bbox 991 767 1069 850; x_wconf 92' lang='lat' dir='ltr'>post</span> <span class='ocrx_word' id='word_1_24' title='bbox 1087 755 1123 828; x_wconf 92' lang='lat' dir='ltr'>in</span> <span class='ocrx_word' id='word_1_25' title='bbox 1144 754 1426 830; x_wconf 80' lang='lat' dir='ltr'>filiumabsentis</span> <span class='ocrx_word' id='word_1_26' title='bbox 1443 754 1481 826; x_wconf 95' lang='lat' dir='ltr'>li·</span> 
     </span>
     <span class='ocr_line' id='line_1_4' title="bbox 224 865 1481 968; baseline 0.003 -29"><span class='ocrx_word' id='word_1_27' title='bbox 224 865 340 942; x_wconf 91' lang='lat' dir='ltr'>berius</span> <span class='ocrx_word' id='word_1_28' title='bbox 366 867 544 965; x_wconf 81' lang='lat' dir='ltr'>erupisset.</span> <span class='ocrx_word' id='word_1_29' title='bbox 568 869 768 968; x_wconf 83' lang='lat' dir='ltr'>Sequuntur</span> <span class='ocrx_word' id='word_1_30' title='bbox 786 870 881 966; x_wconf 88' lang='lat' dir='ltr'>proci</span> <span class='ocrx_word' id='word_1_31' title='bbox 910 870 1088 946; x_wconf 81' lang='lat' dir='ltr'>libidinem</span> <span class='ocrx_word' id='word_1_32' title='bbox 1112 894 1212 946; x_wconf 91' lang='lat' dir='ltr'>suam</span> <span class='ocrx_word' id='word_1_33' title='bbox 1239 871 1481 968; x_wconf 82' lang='lat' dir='ltr'>sordidamque</span> 
     </span>
    </p>

    <p class='ocr_par' dir='ltr' id='par_1_2' title="bbox 150 979 1536 1897">
     <span class='ocr_line' id='line_1_5' title="bbox 150 979 1481 1094; baseline 0.003 -39"><span class='ocrx_word' id='word_1_34' title='bbox 150 979 156 992; x_wconf 83' lang='grc'><strong><em>’</em></strong></span> <span class='ocrx_word' id='word_1_35' title='bbox 224 983 400 1059; x_wconf 88' lang='lat' dir='ltr'>avaritiam</span> <span class='ocrx_word' id='word_1_36' title='bbox 421 1008 428 1056; x_wconf 93' lang='lat'><strong>:</strong></span> <span class='ocrx_word' id='word_1_37' title='bbox 447 984 532 1058; x_wconf 93' lang='lat' dir='ltr'>nulli</span> <span class='ocrx_word' id='word_1_38' title='bbox 550 985 671 1060; x_wconf 91' lang='lat' dir='ltr'>ultioni</span> <span class='ocrx_word' id='word_1_39' title='bbox 688 987 838 1060; x_wconf 80' lang='lat' dir='ltr'>student.</span> <span class='ocrx_word' id='word_1_40' title='bbox 856 987 923 1061; x_wconf 90' lang='lat' dir='ltr'>Sed</span> <span class='ocrx_word' id='word_1_41' title='bbox 938 996 1126 1094; x_wconf 81' lang='lat' dir='ltr'>patetqnae</span> <span class='ocrx_word' id='word_1_42' title='bbox 1146 985 1242 1084; x_wconf 88' lang='lat' dir='ltr'>pueri</span> <span class='ocrx_word' id='word_1_43' title='bbox 1256 999 1354 1084; x_wconf 89' lang='lat' dir='ltr'>patre</span> <span class='ocrx_word' id='word_1_44' title='bbox 1370 986 1481 1061; x_wconf 89' lang='lat' dir='ltr'>orbati</span> 
     </span>
     <span class='ocr_line' id='line_1_6' title="bbox 224 1100 1477 1205; baseline 0.005 -35"><span class='ocrx_word' id='word_1_45' title='bbox 224 1120 299 1172; x_wconf 92' lang='lat' dir='ltr'>sors</span> <span class='ocrx_word' id='word_1_46' title='bbox 328 1110 402 1173; x_wconf 93' lang='lat' dir='ltr'>tnm</span> <span class='ocrx_word' id='word_1_47' title='bbox 428 1100 531 1179; x_wconf 92' lang='lat' dir='ltr'>fuerit</span> <span class='ocrx_word' id='word_1_48' title='bbox 562 1100 784 1205; x_wconf 86' lang='lat' dir='ltr'>enriserabili</span> <span class='ocrx_word' id='word_1_49' title='bbox 816 1101 1033 1198; x_wconf 90' lang='lat' dir='ltr'>querimonia</span> <span class='ocrx_word' id='word_1_50' title='bbox 1062 1126 1164 1201; x_wconf 92' lang='lat' dir='ltr'>quam</span> <span class='ocrx_word' id='word_1_51' title='bbox 1197 1103 1239 1177; x_wconf 88' lang='lat' dir='ltr'>de</span> <span class='ocrx_word' id='word_1_52' title='bbox 1262 1104 1477 1199; x_wconf 81' lang='lat' dir='ltr'>Astyanacte,</span> 
     </span>
     <span class='ocr_line' id='line_1_7' title="bbox 223 1209 1481 1319; baseline 0.002 -31"><span class='ocrx_word' id='word_1_53' title='bbox 223 1213 370 1292; x_wconf 87' lang='lat' dir='ltr'>Hectore</span> <span class='ocrx_word' id='word_1_54' title='bbox 382 1216 603 1315; x_wconf 90' lang='lat' dir='ltr'>interempto,</span> <span class='ocrx_word' id='word_1_55' title='bbox 618 1217 861 1292; x_wconf 85' lang='lat' dir='ltr'>Andromacha</span> <span class='ocrx_word' id='word_1_56' title='bbox 875 1218 1059 1319; x_wconf 81' lang='lat' dir='ltr'>profundit.</span> <span class='ocrx_word' id='word_1_57' title='bbox 1070 1219 1132 1293; x_wconf 90' lang='lat' dir='ltr'>llla</span> <span class='ocrx_word' id='word_1_58' title='bbox 1145 1219 1276 1292; x_wconf 86' lang='lat' dir='ltr'>Priami</span> <span class='ocrx_word' id='word_1_59' title='bbox 1288 1209 1481 1315; x_wconf 54' lang='lat' dir='ltr'>nurus&#39;jam</span> 
     </span>
     <span class='ocr_line' id='line_1_8' title="bbox 222 1330 1536 1445; baseline 0.002 -41"><span class='ocrx_word' id='word_1_60' title='bbox 222 1330 286 1404; x_wconf 91' lang='lat' dir='ltr'>sibi</span> <span class='ocrx_word' id='word_1_61' title='bbox 299 1342 416 1408; x_wconf 90' lang='lat' dir='ltr'>mente</span> <span class='ocrx_word' id='word_1_62' title='bbox 432 1332 541 1408; x_wconf 82' lang='lat' dir='ltr'>filium</span> <span class='ocrx_word' id='word_1_63' title='bbox 556 1333 657 1431; x_wconf 83' lang='lat' dir='ltr'>fingit</span> <span class='ocrx_word' id='word_1_64' title='bbox 677 1333 838 1408; x_wconf 90' lang='lat' dir='ltr'>omnibus</span> <span class='ocrx_word' id='word_1_65' title='bbox 856 1333 956 1408; x_wconf 92' lang='lat' dir='ltr'>bonis</span> <span class='ocrx_word' id='word_1_66' title='bbox 969 1347 1125 1426; x_wconf 88' lang='lat' dir='ltr'>exutum,</span> <span class='ocrx_word' id='word_1_67' title='bbox 1143 1335 1364 1411; x_wconf 89' lang='lat' dir='ltr'>cibnmfoede</span> <span class='ocrx_word' id='word_1_68' title='bbox 1383 1357 1480 1408; x_wconf 50' lang='lat' dir='ltr'>mene</span> <span class='ocrx_word' id='word_1_69' title='bbox 1515 1364 1536 1445; x_wconf 55' lang='grc'>.-</span> 
     </span>
     <span class='ocr_line' id='line_1_9' title="bbox 221 1448 1505 1546; baseline 0.003 -26"><span class='ocrx_word' id='word_1_70' title='bbox 221 1448 404 1542; x_wconf 87' lang='lat' dir='ltr'>dicantem,</span> <span class='ocrx_word' id='word_1_71' title='bbox 422 1451 465 1526; x_wconf 91' lang='lat' dir='ltr'>ab</span> <span class='ocrx_word' id='word_1_72' title='bbox 483 1450 644 1526; x_wconf 89' lang='lat' dir='ltr'>omnibus</span> <span class='ocrx_word' id='word_1_73' title='bbox 667 1458 916 1546; x_wconf 89' lang='lat' dir='ltr'>contemptum.</span> <span class='ocrx_word' id='word_1_74' title='bbox 932 1450 1005 1525; x_wconf 90' lang='lat' dir='ltr'>Neo</span> <span class='ocrx_word' id='word_1_75' title='bbox 1017 1451 1108 1528; x_wconf 88' lang='lat' dir='ltr'>inter</span> <span class='ocrx_word' id='word_1_76' title='bbox 1122 1465 1174 1528; x_wconf 88' lang='lat' dir='ltr'>tot</span> <span class='ocrx_word' id='word_1_77' title='bbox 1188 1453 1278 1527; x_wconf 88' lang='lat' dir='ltr'>mala</span> <span class='ocrx_word' id='word_1_78' title='bbox 1292 1453 1333 1526; x_wconf 91' lang='lat' dir='ltr'>fit</span> <span class='ocrx_word' id='word_1_79' title='bbox 1351 1452 1481 1541; x_wconf 88' lang='lat' dir='ltr'>hostilis</span> <span class='ocrx_word' id='word_1_80' title='bbox 1504 1453 1505 1456; x_wconf 72' lang='grc'>’</span> 
     </span>
     <span class='ocr_line' id='line_1_10' title="bbox 220 1563 1482 1659; baseline 0.001 -20"><span class='ocrx_word' id='word_1_81' title='bbox 220 1563 388 1641; x_wconf 88' lang='lat' dir='ltr'>violentiae</span> <span class='ocrx_word' id='word_1_82' title='bbox 412 1579 472 1642; x_wconf 89' lang='lat' dir='ltr'>ant</span> <span class='ocrx_word' id='word_1_83' title='bbox 492 1565 626 1642; x_wconf 88' lang='lat' dir='ltr'>saevitiae</span> <span class='ocrx_word' id='word_1_84' title='bbox 646 1565 800 1641; x_wconf 86' lang='lat' dir='ltr'>mentio:</span> <span class='ocrx_word' id='word_1_85' title='bbox 843 1565 916 1639; x_wconf 88' lang='lat' dir='ltr'>haec</span> <span class='ocrx_word' id='word_1_86' title='bbox 938 1566 1076 1659; x_wconf 89' lang='lat' dir='ltr'>damna,</span> <span class='ocrx_word' id='word_1_87' title='bbox 1094 1569 1169 1642; x_wconf 87' lang='lat' dir='ltr'>haec</span> <span class='ocrx_word' id='word_1_88' title='bbox 1187 1567 1311 1643; x_wconf 88' lang='lat' dir='ltr'>acerba</span> <span class='ocrx_word' id='word_1_89' title='bbox 1330 1565 1482 1641; x_wconf 87' lang='lat' dir='ltr'>convicia</span> 
     </span>
     <span class='ocr_line' id='line_1_11' title="bbox 220 1674 1480 1780; baseline -0.002 -24"><span class='ocrx_word' id='word_1_90' title='bbox 220 1681 263 1756; x_wconf 89' lang='lat' dir='ltr'>ab</span> <span class='ocrx_word' id='word_1_91' title='bbox 277 1682 360 1780; x_wconf 90' lang='lat' dir='ltr'>ipsis</span> <span class='ocrx_word' id='word_1_92' title='bbox 375 1682 532 1780; x_wconf 83' lang='lat' dir='ltr'>Trojanis</span> <span class='ocrx_word' id='word_1_93' title='bbox 559 1682 650 1756; x_wconf 89' lang='lat' dir='ltr'>filius</span> <span class='ocrx_word' id='word_1_94' title='bbox 672 1680 830 1756; x_wconf 88' lang='lat' dir='ltr'>Hectoris</span> <span class='ocrx_word' id='word_1_95' title='bbox 856 1674 1059 1778; x_wconf 87' lang='lat' dir='ltr'>experietur,</span> <span class='ocrx_word' id='word_1_96' title='bbox 1079 1682 1133 1757; x_wconf 92' lang='lat' dir='ltr'>cui</span> <span class='ocrx_word' id='word_1_97' title='bbox 1153 1683 1198 1756; x_wconf 87' lang='lat' dir='ltr'>nil</span> <span class='ocrx_word' id='word_1_98' title='bbox 1214 1682 1320 1780; x_wconf 89' lang='lat' dir='ltr'>patris</span> <span class='ocrx_word' id='word_1_99' title='bbox 1347 1679 1480 1771; x_wconf 86' lang='lat' dir='ltr'>merita,</span> 
     </span>
     <span class='ocr_line' id='line_1_12' title="bbox 219 1797 1168 1897; baseline -0.003 -25"><span class='ocrx_word' id='word_1_100' title='bbox 219 1799 267 1872; x_wconf 91' lang='lat' dir='ltr'>nil</span> <span class='ocrx_word' id='word_1_101' title='bbox 281 1801 396 1876; x_wconf 92' lang='lat' dir='ltr'>nobile</span> <span class='ocrx_word' id='word_1_102' title='bbox 412 1823 535 1897; x_wconf 86' lang='lat' dir='ltr'>genus,</span> <span class='ocrx_word' id='word_1_103' title='bbox 552 1799 599 1872; x_wconf 94' lang='lat' dir='ltr'>nil</span> <span class='ocrx_word' id='word_1_104' title='bbox 619 1821 746 1885; x_wconf 90' lang='lat' dir='ltr'>nomen</span> <span class='ocrx_word' id='word_1_105' title='bbox 771 1798 885 1896; x_wconf 90' lang='lat' dir='ltr'>ipsum</span> <span class='ocrx_word' id='word_1_106' title='bbox 901 1797 1091 1893; x_wconf 90' lang='lat' dir='ltr'>proderunt</span> <span class='ocrx_word' id='word_1_107' title='bbox 1104 1799 1168 1896; x_wconf 81' lang='lat' dir='ltr'>(l).</span> 
     </span>
    </p>

    <p class='ocr_par' dir='ltr' id='par_1_3' title="bbox 217 1913 1546 2245">
     <span class='ocr_line' id='line_1_13' title="bbox 269 1913 1476 2012; baseline -0.005 -20"><span class='ocrx_word' id='word_1_108' title='bbox 269 1917 386 1992; x_wconf 86' lang='lat' dir='ltr'>Caedes</span> <span class='ocrx_word' id='word_1_109' title='bbox 404 1925 532 2007; x_wconf 89' lang='lat' dir='ltr'>autem,</span> <span class='ocrx_word' id='word_1_110' title='bbox 546 1938 622 2012; x_wconf 90' lang='lat' dir='ltr'>quae</span> <span class='ocrx_word' id='word_1_111' title='bbox 640 1915 768 1989; x_wconf 87' lang='lat' dir='ltr'>crebrae</span> <span class='ocrx_word' id='word_1_112' title='bbox 792 1913 937 1999; x_wconf 85' lang='lat' dir='ltr'>fiebant,</span> <span class='ocrx_word' id='word_1_113' title='bbox 964 1936 1032 1988; x_wconf 94' lang='lat' dir='ltr'>non</span> <span class='ocrx_word' id='word_1_114' title='bbox 1055 1913 1192 2010; x_wconf 87' lang='lat' dir='ltr'>publice</span> <span class='ocrx_word' id='word_1_115' title='bbox 1209 1914 1447 1988; x_wconf 88' lang='lat' dir='ltr'>multabantur</span> <span class='ocrx_word' id='word_1_116' title='bbox 1467 1941 1476 2004; x_wconf 94' lang='lat'>;</span> 
     </span>
     <span class='ocr_line' id='line_1_14' title="bbox 218 2029 1478 2137; baseline -0.005 -27"><span class='ocrx_word' id='word_1_117' title='bbox 218 2034 279 2110; x_wconf 90' lang='lat' dir='ltr'>sed</span> <span class='ocrx_word' id='word_1_118' title='bbox 297 2029 565 2108; x_wconf 82' lang='lat' dir='ltr'>occisi-hominis</span> <span class='ocrx_word' id='word_1_119' title='bbox 586 2029 723 2137; x_wconf 82' lang='lat' dir='ltr'>cognati</span> <span class='ocrx_word' id='word_1_120' title='bbox 745 2040 780 2105; x_wconf 89' lang='lat' dir='ltr'>et</span> <span class='ocrx_word' id='word_1_121' title='bbox 798 2029 979 2126; x_wconf 90' lang='lat' dir='ltr'>propinqui</span> <span class='ocrx_word' id='word_1_122' title='bbox 1009 2029 1173 2104; x_wconf 91' lang='lat' dir='ltr'>ultionem</span> <span class='ocrx_word' id='word_1_123' title='bbox 1195 2030 1354 2126; x_wconf 87' lang='lat' dir='ltr'>persequi</span> <span class='ocrx_word' id='word_1_124' title='bbox 1386 2029 1478 2104; x_wconf 89' lang='lat' dir='ltr'>sole·</span> 
     </span>
     <span class='ocr_line' id='line_1_15' title="bbox 217 2144 1546 2245; baseline -0.004 -20"><span class='ocrx_word' id='word_1_125' title='bbox 217 2152 315 2226; x_wconf 90' lang='lat' dir='ltr'>bant.</span> <span class='ocrx_word' id='word_1_126' title='bbox 336 2150 425 2245; x_wconf 82' lang='lat' dir='ltr'>Ergo</span> <span class='ocrx_word' id='word_1_127' title='bbox 448 2145 629 2244; x_wconf 89' lang='lat' dir='ltr'>parricida,</span> <span class='ocrx_word' id='word_1_128' title='bbox 648 2145 676 2220; x_wconf 91' lang='lat' dir='ltr'>si</span> <span class='ocrx_word' id='word_1_129' title='bbox 706 2146 820 2219; x_wconf 91' lang='lat' dir='ltr'>minus</span> <span class='ocrx_word' id='word_1_130' title='bbox 840 2145 963 2243; x_wconf 88' lang='lat' dir='ltr'>opibus</span> <span class='ocrx_word' id='word_1_131' title='bbox 994 2145 1151 2245; x_wconf 87' lang='lat' dir='ltr'>polleret,</span> <span class='ocrx_word' id='word_1_132' title='bbox 1168 2156 1229 2219; x_wconf 90' lang='lat' dir='ltr'>aut</span> <span class='ocrx_word' id='word_1_133' title='bbox 1247 2145 1291 2218; x_wconf 92' lang='lat' dir='ltr'>ab</span> <span class='ocrx_word' id='word_1_134' title='bbox 1320 2144 1477 2220; x_wconf 83' lang='lat' dir='ltr'>hostibus</span> <span class='ocrx_word' id='word_1_135' title='bbox 1504 2189 1508 2199; x_wconf 82' lang='lat'>·</span> <span class='ocrx_word' id='word_1_136' title='bbox 1543 2171 1546 2178; x_wconf 75' lang='grc'>’</span> 
     </span>
    </p>

    <p class='ocr_par' dir='ltr' id='par_1_4' title="bbox 134 2261 1476 2363">
     <span class='ocr_line' id='line_1_16' title="bbox 134 2261 1476 2363; baseline -0.005 -21"><span class='ocrx_word' id='word_1_137' title='bbox 134 2358 137 2363; x_wconf 28' lang='grc'>,</span> <span class='ocrx_word' id='word_1_138' title='bbox 217 2289 300 2342; x_wconf 88' lang='lat' dir='ltr'>nece</span> <span class='ocrx_word' id='word_1_139' title='bbox 317 2264 541 2355; x_wconf 90' lang='lat' dir='ltr'>afficiebatur,</span> <span class='ocrx_word' id='word_1_140' title='bbox 569 2273 628 2336; x_wconf 89' lang='lat' dir='ltr'>aut</span> <span class='ocrx_word' id='word_1_141' title='bbox 661 2261 811 2358; x_wconf 91' lang='lat' dir='ltr'>epatria</span> <span class='ocrx_word' id='word_1_142' title='bbox 827 2261 861 2334; x_wconf 92' lang='lat' dir='ltr'>in</span> <span class='ocrx_word' id='word_1_143' title='bbox 889 2262 1024 2335; x_wconf 88' lang='lat' dir='ltr'>exilium</span> <span class='ocrx_word' id='word_1_144' title='bbox 1050 2261 1258 2358; x_wconf 79' lang='lat' dir='ltr'>aufugiebat,</span> <span class='ocrx_word' id='word_1_145' title='bbox 1286 2273 1346 2336; x_wconf 89' lang='lat' dir='ltr'>aut</span> <span class='ocrx_word' id='word_1_146' title='bbox 1367 2263 1476 2360; x_wconf 91' lang='lat' dir='ltr'>pretio</span> 
     </span>
    </p>

    <p class='ocr_par' dir='ltr' id='par_1_5' title="bbox 151 2379 1478 3178">
     <span class='ocr_line' id='line_1_17' title="bbox 151 2379 1474 2478; baseline -0.002 -20"><span class='ocrx_word' id='word_1_147' title='bbox 151 2412 154 2436; x_wconf 78' lang='lat'>¹</span> <span class='ocrx_word' id='word_1_148' title='bbox 217 2385 320 2460; x_wconf 84' lang='lat' dir='ltr'>vitam</span> <span class='ocrx_word' id='word_1_149' title='bbox 337 2381 544 2473; x_wconf 84' lang='lat' dir='ltr'>redimebat,</span> <span class='ocrx_word' id='word_1_150' title='bbox 564 2380 657 2478; x_wconf 93' lang='lat' dir='ltr'>qnod</span> <span class='ocrx_word' id='word_1_151' title='bbox 676 2379 926 2477; x_wconf 74' lang='lat' dir='ltr'>pretium-rana</span> <span class='ocrx_word' id='word_1_152' title='bbox 945 2379 1158 2477; x_wconf 91' lang='lat' dir='ltr'>appellatum</span> <span class='ocrx_word' id='word_1_153' title='bbox 1187 2381 1322 2454; x_wconf 84' lang='lat' dir='ltr'>videtur</span> <span class='ocrx_word' id='word_1_154' title='bbox 1358 2380 1474 2455; x_wconf 86' lang='lat' dir='ltr'>fuisse.</span> 
     </span>
     <span class='ocr_line' id='line_1_18' title="bbox 215 2496 1478 2598; baseline -0.004 -22"><span class='ocrx_word' id='word_1_155' title='bbox 215 2502 300 2576; x_wconf 88' lang='lat' dir='ltr'>Inde</span> <span class='ocrx_word' id='word_1_156' title='bbox 334 2501 426 2598; x_wconf 90' lang='lat' dir='ltr'>apud</span> <span class='ocrx_word' id='word_1_157' title='bbox 456 2499 633 2572; x_wconf 92' lang='lat' dir='ltr'>Romanos</span> <span class='ocrx_word' id='word_1_158' title='bbox 674 2496 955 2595; x_wconf 79' lang='lat' dir='ltr'>ouampendere</span> <span class='ocrx_word' id='word_1_159' title='bbox 983 2518 1023 2571; x_wconf 88' lang='lat' dir='ltr'>ac</span> <span class='ocrx_word' id='word_1_160' title='bbox 1054 2496 1185 2572; x_wconf 88' lang='lat' dir='ltr'>solvere</span> <span class='ocrx_word' id='word_1_161' title='bbox 1207 2520 1354 2594; x_wconf 81' lang='lat' dir='ltr'>purtem,</span> <span class='ocrx_word' id='word_1_162' title='bbox 1385 2498 1478 2573; x_wconf 89' lang='lat' dir='ltr'>vocis</span> 
     </span>
     <span class='ocr_line' id='line_1_19' title="bbox 216 2612 1477 2710; baseline -0.002 -19"><span class='ocrx_word' id='word_1_163' title='bbox 216 2640 303 2692; x_wconf 90' lang='lat' dir='ltr'>novo</span> <span class='ocrx_word' id='word_1_164' title='bbox 317 2638 434 2705; x_wconf 89' lang='lat' dir='ltr'>senso,</span> <span class='ocrx_word' id='word_1_165' title='bbox 458 2612 610 2696; x_wconf 87' lang='lat' dir='ltr'>deomni</span> <span class='ocrx_word' id='word_1_166' title='bbox 623 2612 828 2687; x_wconf 87' lang='lat' dir='ltr'>coercitione</span> <span class='ocrx_word' id='word_1_167' title='bbox 845 2635 887 2687; x_wconf 89' lang='lat' dir='ltr'>ac</span> <span class='ocrx_word' id='word_1_168' title='bbox 904 2613 1072 2710; x_wconf 91' lang='lat' dir='ltr'>supplicio</span> <span class='ocrx_word' id='word_1_169' title='bbox 1085 2613 1228 2688; x_wconf 90' lang='lat' dir='ltr'>dictum.</span> <span class='ocrx_word' id='word_1_170' title='bbox 1251 2615 1383 2688; x_wconf 87' lang='lat' dir='ltr'>Verum</span> <span class='ocrx_word' id='word_1_171' title='bbox 1396 2637 1477 2689; x_wconf 89' lang='lat' dir='ltr'>nus-</span> 
     </span>
     <span class='ocr_line' id='line_1_20' title="bbox 215 2720 1477 2831; baseline -0.002 -23"><span class='ocrx_word' id='word_1_172' title='bbox 215 2757 319 2831; x_wconf 89' lang='lat' dir='ltr'>quam</span> <span class='ocrx_word' id='word_1_173' title='bbox 336 2732 427 2830; x_wconf 91' lang='lat' dir='ltr'>apud</span> <span class='ocrx_word' id='word_1_174' title='bbox 442 2730 635 2807; x_wconf 88' lang='lat' dir='ltr'>Homerum</span> <span class='ocrx_word' id='word_1_175' title='bbox 660 2725 768 2825; x_wconf 82' lang='lat' dir='ltr'>pieta&#39;s</span> <span class='ocrx_word' id='word_1_176' title='bbox 784 2720 1003 2828; x_wconf 76' lang='lat' dir='ltr'>illa&#39;apparet</span> <span class='ocrx_word' id='word_1_177' title='bbox 1019 2754 1095 2828; x_wconf 90' lang='lat' dir='ltr'>quae</span> <span class='ocrx_word' id='word_1_178' title='bbox 1126 2731 1247 2824; x_wconf 76' lang='lat' dir='ltr'>cades,</span> <span class='ocrx_word' id='word_1_179' title='bbox 1263 2733 1408 2831; x_wconf 80' lang='lat' dir='ltr'>perinde</span> <span class='ocrx_word' id='word_1_180' title='bbox 1437 2755 1477 2806; x_wconf 88' lang='lat' dir='ltr'>ac</span> 
     </span>
     <span class='ocr_line' id='line_1_21' title="bbox 216 2842 1478 2946; baseline -0.008 -23"><span class='ocrx_word' id='word_1_181' title='bbox 216 2847 405 2944; x_wconf 84' lang='lat' dir='ltr'>sacrilegia,</span> <span class='ocrx_word' id='word_1_182' title='bbox 423 2843 566 2942; x_wconf 83' lang='lat' dir='ltr'>piaculis</span> <span class='ocrx_word' id='word_1_183' title='bbox 587 2842 731 2919; x_wconf 87' lang='lat' dir='ltr'>luendas</span> <span class='ocrx_word' id='word_1_184' title='bbox 744 2865 818 2918; x_wconf 88' lang='lat' dir='ltr'>esse</span> <span class='ocrx_word' id='word_1_185' title='bbox 837 2845 1011 2919; x_wconf 90' lang='lat' dir='ltr'>credebat.</span> <span class='ocrx_word' id='word_1_186' title='bbox 1041 2845 1221 2943; x_wconf 89' lang='lat' dir='ltr'>Nusquam</span> <span class='ocrx_word' id='word_1_187' title='bbox 1241 2857 1409 2933; x_wconf 62' lang='lat' dir='ltr'>hautepen</span> <span class='ocrx_word' id='word_1_188' title='bbox 1428 2848 1478 2946; x_wconf 72' lang='lat' dir='ltr'>(a)</span> 
     </span>
     <span class='ocr_line' id='line_1_22' title="bbox 216 2959 1478 3057; baseline -0.001 -18"><span class='ocrx_word' id='word_1_189' title='bbox 216 2978 276 3039; x_wconf 90' lang='lat' dir='ltr'>ant</span> <span class='ocrx_word' id='word_1_190' title='bbox 301 2973 332 3032; x_wconf 72' lang='lat' dir='ltr'>at</span> <span class='ocrx_word' id='word_1_191' title='bbox 345 2969 523 3047; x_wconf 64' lang='grc' dir='ltr'>νομιζόμεναι</span> <span class='ocrx_word' id='word_1_192' title='bbox 534 2973 632 3039; x_wconf 72' lang='grc' dir='ltr'><em>λύσεις</em></span> <span class='ocrx_word' id='word_1_193' title='bbox 655 2959 705 3057; x_wconf 81' lang='grc'>(3)</span> <span class='ocrx_word' id='word_1_194' title='bbox 724 2959 990 3036; x_wconf 89' lang='lat' dir='ltr'>Homerioorum</span> <span class='ocrx_word' id='word_1_195' title='bbox 1022 2961 1167 3036; x_wconf 91' lang='lat' dir='ltr'>heroum</span> <span class='ocrx_word' id='word_1_196' title='bbox 1193 2975 1326 3038; x_wconf 85' lang='lat' dir='ltr'>meotes</span> <span class='ocrx_word' id='word_1_197' title='bbox 1352 2962 1478 3038; x_wconf 84' lang='lat' dir='ltr'>sollici-</span> 
     </span>
     <span class='ocr_line' id='line_1_23' title="bbox 216 3068 1381 3178; baseline -0.006 -23"><span class='ocrx_word' id='word_1_198' title='bbox 216 3090 291 3155; x_wconf 85' lang='lat' dir='ltr'>tant</span> <span class='ocrx_word' id='word_1_199' title='bbox 308 3101 419 3178; x_wconf 91' lang='lat' dir='ltr'>neque</span> <span class='ocrx_word' id='word_1_200' title='bbox 437 3077 497 3151; x_wconf 92' lang='lat' dir='ltr'>ulli</span> <span class='ocrx_word' id='word_1_201' title='bbox 514 3075 649 3150; x_wconf 88' lang='lat' dir='ltr'>videtur</span> <span class='ocrx_word' id='word_1_202' title='bbox 668 3097 810 3150; x_wconf 89' lang='lat' dir='ltr'>necesse</span> <span class='ocrx_word' id='word_1_203' title='bbox 824 3091 853 3142; x_wconf 74' lang='lat' dir='ltr'>a</span> <span class='ocrx_word' id='word_1_204' title='bbox 866 3068 942 3162; x_wconf 65' lang='grc' dir='ltr'>ἄγος</span> <span class='ocrx_word' id='word_1_205' title='bbox 956 3091 1082 3146; x_wconf 70' lang='grc' dir='ltr'>ἐλαύνειν</span> <span class='ocrx_word' id='word_1_206' title='bbox 1093 3078 1158 3177; x_wconf 78' lang='grc'><strong>(4).</strong></span> <span class='ocrx_word' id='word_1_207' title='bbox 1379 3168 1381 3172; x_wconf 11' lang='lat' dir='ltr'><em>A</em></span> 
     </span>
    </p>

    <p class='ocr_par' dir='ltr' id='par_1_6' title="bbox 216 3191 1550 3875">
     <span class='ocr_line' id='line_1_24' title="bbox 265 3191 1550 3294; baseline 0.003 -24"><span class='ocrx_word' id='word_1_208' title='bbox 265 3197 378 3273; x_wconf 89' lang='lat' dir='ltr'>Mores</span> <span class='ocrx_word' id='word_1_209' title='bbox 390 3204 507 3270; x_wconf 81' lang='lat' dir='ltr'>tauron</span> <span class='ocrx_word' id='word_1_210' title='bbox 535 3192 590 3266; x_wconf 91' lang='lat' dir='ltr'>isti</span> <span class='ocrx_word' id='word_1_211' title='bbox 605 3191 682 3272; x_wconf 85' lang='lat' dir='ltr'>saevi</span> <span class='ocrx_word' id='word_1_212' title='bbox 697 3204 728 3264; x_wconf 92' lang='lat' dir='ltr'>et</span> <span class='ocrx_word' id='word_1_213' title='bbox 747 3191 917 3266; x_wconf 90' lang='lat' dir='ltr'>immanes</span> <span class='ocrx_word' id='word_1_214' title='bbox 936 3193 1019 3290; x_wconf 86' lang='lat' dir='ltr'>jura</span> <span class='ocrx_word' id='word_1_215' title='bbox 1037 3195 1194 3291; x_wconf 84' lang='lat' dir='ltr'>quaedam</span> <span class='ocrx_word' id='word_1_216' title='bbox 1209 3196 1253 3270; x_wconf 90' lang='lat' dir='ltr'>ab</span> <span class='ocrx_word' id='word_1_217' title='bbox 1267 3196 1342 3294; x_wconf 91' lang='lat' dir='ltr'>ipsa</span> <span class='ocrx_word' id='word_1_218' title='bbox 1353 3209 1478 3274; x_wconf 85' lang='lat' dir='ltr'>natura</span> <span class='ocrx_word' id='word_1_219' title='bbox 1546 3243 1550 3251; x_wconf 92' lang='lat'><strong>·</strong></span> 
     </span>
     <span class='ocr_line' id='line_1_25' title="bbox 216 3307 1492 3412; baseline 0 -22"><span class='ocrx_word' id='word_1_220' title='bbox 216 3312 440 3412; x_wconf 90' lang='lat' dir='ltr'>recipiebant,</span> <span class='ocrx_word' id='word_1_221' title='bbox 468 3308 593 3407; x_wconf 94' lang='lat' dir='ltr'>quibus</span> <span class='ocrx_word' id='word_1_222' title='bbox 621 3307 769 3405; x_wconf 89' lang='lat' dir='ltr'>demptis</span> <span class='ocrx_word' id='word_1_223' title='bbox 797 3307 891 3383; x_wconf 89' lang='lat' dir='ltr'>nulla</span> <span class='ocrx_word' id='word_1_224' title='bbox 910 3309 1309 3386; x_wconf 85' lang='lat' dir='ltr'>omninoassehumana</span> <span class='ocrx_word' id='word_1_225' title='bbox 1327 3313 1492 3390; x_wconf 87' lang='lat' dir='ltr'>societas</span> 
     </span>
     <span class='ocr_line' id='line_1_26' title="bbox 216 3426 1476 3529; baseline 0 -22"><span class='ocrx_word' id='word_1_226' title='bbox 216 3443 353 3529; x_wconf 88' lang='lat' dir='ltr'>posset:</span> <span class='ocrx_word' id='word_1_227' title='bbox 385 3426 560 3524; x_wconf 87' lang='lat' dir='ltr'>sanguinis</span> <span class='ocrx_word' id='word_1_228' title='bbox 591 3426 735 3518; x_wconf 83' lang='lat' dir='ltr'>vincula,</span> <span class='ocrx_word' id='word_1_229' title='bbox 770 3426 1014 3520; x_wconf 85' lang='lat' dir='ltr'>amicitiarum,</span> <span class='ocrx_word' id='word_1_230' title='bbox 1042 3428 1275 3526; x_wconf 85' lang='lat' dir='ltr'>hospitiorum</span> <span class='ocrx_word' id='word_1_231' title='bbox 1308 3444 1343 3506; x_wconf 87' lang='lat' dir='ltr'>et</span> <span class='ocrx_word' id='word_1_232' title='bbox 1364 3454 1476 3529; x_wconf 88' lang='lat' dir='ltr'>pauca</span> 
     </span>
     <span class='ocr_line' id='line_1_27' title="bbox 217 3541 1478 3644; baseline 0 -22"><span class='ocrx_word' id='word_1_233' title='bbox 217 3547 282 3622; x_wconf 88' lang='lat' dir='ltr'>alia</span> <span class='ocrx_word' id='word_1_234' title='bbox 301 3545 455 3644; x_wconf 90' lang='lat' dir='ltr'>ejusdem</span> <span class='ocrx_word' id='word_1_235' title='bbox 477 3541 612 3639; x_wconf 80' lang='lat' dir='ltr'>generis</span> <span class='ocrx_word' id='word_1_236' title='bbox 636 3541 760 3616; x_wconf 90' lang='lat' dir='ltr'>officia.</span> <span class='ocrx_word' id='word_1_237' title='bbox 789 3542 839 3619; x_wconf 81' lang='lat' dir='ltr'>Ea</span> <span class='ocrx_word' id='word_1_238' title='bbox 867 3543 1021 3640; x_wconf 90' lang='lat' dir='ltr'>profecto</span> <span class='ocrx_word' id='word_1_239' title='bbox 1049 3557 1146 3641; x_wconf 88' lang='lat' dir='ltr'>parte</span> <span class='ocrx_word' id='word_1_240' title='bbox 1177 3543 1256 3618; x_wconf 88' lang='lat' dir='ltr'>llias</span> <span class='ocrx_word' id='word_1_241' title='bbox 1271 3557 1306 3619; x_wconf 91' lang='lat' dir='ltr'>et</span> <span class='ocrx_word' id='word_1_242' title='bbox 1325 3544 1478 3644; x_wconf 79' lang='lat' dir='ltr'>Odyssea</span> 
     </span>
     <span class='ocr_line' id='line_1_28' title="bbox 217 3659 1477 3765; baseline -0.001 -25"><span class='ocrx_word' id='word_1_243' title='bbox 217 3689 293 3765; x_wconf 88' lang='lat' dir='ltr'>quae</span> <span class='ocrx_word' id='word_1_244' title='bbox 311 3664 414 3739; x_wconf 91' lang='lat' dir='ltr'>rebus</span> <span class='ocrx_word' id='word_1_245' title='bbox 443 3662 530 3736; x_wconf 90' lang='lat' dir='ltr'>adeo</span> <span class='ocrx_word' id='word_1_246' title='bbox 559 3659 735 3751; x_wconf 90' lang='lat' dir='ltr'>differunt,</span> <span class='ocrx_word' id='word_1_247' title='bbox 765 3660 905 3735; x_wconf 91' lang='lat' dir='ltr'>veritate</span> <span class='ocrx_word' id='word_1_248' title='bbox 932 3672 1047 3738; x_wconf 88' lang='lat' dir='ltr'>autem</span> <span class='ocrx_word' id='word_1_249' title='bbox 1075 3685 1213 3737; x_wconf 90' lang='lat' dir='ltr'>morum</span> <span class='ocrx_word' id='word_1_250' title='bbox 1230 3672 1264 3737; x_wconf 90' lang='lat' dir='ltr'>et</span> <span class='ocrx_word' id='word_1_251' title='bbox 1279 3665 1477 3740; x_wconf 91' lang='lat' dir='ltr'>communis</span> 
     </span>
     <span class='ocr_line' id='line_1_29' title="bbox 216 3775 1252 3875; baseline -0.003 -19"><span class='ocrx_word' id='word_1_252' title='bbox 216 3782 278 3855; x_wconf 84' lang='lat' dir='ltr'>aevi</span> <span class='ocrx_word' id='word_1_253' title='bbox 293 3776 514 3854; x_wconf 89' lang='lat' dir='ltr'>similitudine</span> <span class='ocrx_word' id='word_1_254' title='bbox 527 3785 608 3849; x_wconf 90' lang='lat' dir='ltr'>sunt</span> <span class='ocrx_word' id='word_1_255' title='bbox 622 3796 737 3872; x_wconf 88' lang='lat' dir='ltr'>pares,</span> <span class='ocrx_word' id='word_1_256' title='bbox 752 3797 816 3850; x_wconf 91' lang='lat' dir='ltr'>nos</span> <span class='ocrx_word' id='word_1_257' title='bbox 829 3775 984 3850; x_wconf 89' lang='lat' dir='ltr'>alliciunt</span> <span class='ocrx_word' id='word_1_258' title='bbox 998 3776 1252 3875; x_wconf 87' lang='lat' dir='ltr'>delectantque.</span> 
     </span>
    </p>

    <p class='ocr_par' dir='ltr' id='par_1_7' title="bbox 248 3891 1477 3991">
     <span class='ocr_line' id='line_1_30' title="bbox 248 3891 1477 3991; baseline -0.008 -13"><span class='ocrx_word' id='word_1_259' title='bbox 248 3974 249 3978; x_wconf 74' lang='grc'>,</span> <span class='ocrx_word' id='word_1_260' title='bbox 264 3893 508 3974; x_wconf 81' lang='lat' dir='ltr'>Andromacha</span> <span class='ocrx_word' id='word_1_261' title='bbox 523 3903 556 3967; x_wconf 91' lang='lat' dir='ltr'>et</span> <span class='ocrx_word' id='word_1_262' title='bbox 567 3891 741 3989; x_wconf 84' lang='lat' dir='ltr'>Penelope</span> <span class='ocrx_word' id='word_1_263' title='bbox 752 3891 959 3988; x_wconf 86' lang='lat' dir='ltr'>exemplaria</span> <span class='ocrx_word' id='word_1_264' title='bbox 974 3893 1133 3989; x_wconf 86' lang='lat' dir='ltr'>quaedam</span> <span class='ocrx_word' id='word_1_265' title='bbox 1147 3904 1316 3991; x_wconf 90' lang='lat' dir='ltr'>apparent</span> <span class='ocrx_word' id='word_1_266' title='bbox 1329 3893 1477 3969; x_wconf 90' lang='lat' dir='ltr'>immor-</span> 
     </span>
    </p>

    <p class='ocr_par' dir='ltr' id='par_1_8' title="bbox 148 4008 1553 4455">
     <span class='ocr_line' id='line_1_31' title="bbox 148 4008 1472 4109; baseline -0.003 -19"><span class='ocrx_word' id='word_1_267' title='bbox 148 4070 155 4081; x_wconf 54' lang='lat'><em>1</em></span> <span class='ocrx_word' id='word_1_268' title='bbox 219 4015 298 4100; x_wconf 85' lang='lat' dir='ltr'>talia</span> <span class='ocrx_word' id='word_1_269' title='bbox 330 4009 545 4088; x_wconf 86' lang='lat' dir='ltr'>connubialis</span> <span class='ocrx_word' id='word_1_270' title='bbox 586 4008 735 4082; x_wconf 88' lang='lat' dir='ltr'>caritatis</span> <span class='ocrx_word' id='word_1_271' title='bbox 780 4031 856 4105; x_wconf 90' lang='lat' dir='ltr'>quae</span> <span class='ocrx_word' id='word_1_272' title='bbox 891 4030 1069 4106; x_wconf 90' lang='lat' dir='ltr'>nunquam</span> <span class='ocrx_word' id='word_1_273' title='bbox 1112 4033 1153 4085; x_wconf 90' lang='lat' dir='ltr'>eo</span> <span class='ocrx_word' id='word_1_274' title='bbox 1200 4010 1472 4109; x_wconf 88' lang='lat' dir='ltr'>pulchritudinis</span> 
     </span>
     <span class='ocr_line' id='line_1_32' title="bbox 218 4114 1553 4231; baseline -0.003 -25"><span class='ocrx_word' id='word_1_275' title='bbox 218 4128 452 4231; x_wconf 90' lang='lat' dir='ltr'>processisset,</span> <span class='ocrx_word' id='word_1_276' title='bbox 478 4125 543 4198; x_wconf 91' lang='lat' dir='ltr'>nisi</span> <span class='ocrx_word' id='word_1_277' title='bbox 560 4146 646 4197; x_wconf 51' lang='lat' dir='ltr'>¹una</span> <span class='ocrx_word' id='word_1_278' title='bbox 682 4134 817 4198; x_wconf 89' lang='lat' dir='ltr'>tantum</span> <span class='ocrx_word' id='word_1_279' title='bbox 849 4146 936 4198; x_wconf 88' lang='lat' dir='ltr'>uxor</span> <span class='ocrx_word' id='word_1_280' title='bbox 963 4125 1077 4198; x_wconf 89' lang='lat' dir='ltr'>mariti</span> <span class='ocrx_word' id='word_1_281' title='bbox 1111 4138 1252 4224; x_wconf 89' lang='lat' dir='ltr'>penates</span> <span class='ocrx_word' id='word_1_282' title='bbox 1288 4127 1465 4202; x_wconf 90' lang='lat' dir='ltr'>coluisset.</span> <span class='ocrx_word' id='word_1_283' title='bbox 1548 4114 1553 4118; x_wconf 58' lang='grc'><em>’</em></span> 
     </span>
     <span class='ocr_line' id='line_1_33' title="bbox 218 4239 1478 4340; baseline -0.003 -18"><span class='ocrx_word' id='word_1_284' title='bbox 218 4246 387 4322; x_wconf 88' lang='lat' dir='ltr'>Nausicaa</span> <span class='ocrx_word' id='word_1_285' title='bbox 405 4239 565 4336; x_wconf 80' lang='lat' dir='ltr'>virginali</span> <span class='ocrx_word' id='word_1_286' title='bbox 590 4239 745 4315; x_wconf 88' lang='lat' dir='ltr'>castitate</span> <span class='ocrx_word' id='word_1_287' title='bbox 777 4252 934 4332; x_wconf 87' lang='lat' dir='ltr'>ornatur,</span> <span class='ocrx_word' id='word_1_288' title='bbox 966 4239 1066 4316; x_wconf 91' lang='lat' dir='ltr'>nobis</span> <span class='ocrx_word' id='word_1_289' title='bbox 1094 4265 1134 4317; x_wconf 93' lang='lat' dir='ltr'>eo</span> <span class='ocrx_word' id='word_1_290' title='bbox 1165 4241 1346 4317; x_wconf 90' lang='lat' dir='ltr'>amabilior</span> <span class='ocrx_word' id='word_1_291' title='bbox 1383 4245 1478 4340; x_wconf 91' lang='lat' dir='ltr'>qnod</span> 
     </span>
     <span class='ocr_line' id='line_1_34' title="bbox 219 4352 1479 4455; baseline -0.005 -18"><span class='ocrx_word' id='word_1_292' title='bbox 219 4363 377 4438; x_wconf 89' lang='lat' dir='ltr'>libertate</span> <span class='ocrx_word' id='word_1_293' title='bbox 418 4352 545 4432; x_wconf 81' lang='lat' dir='ltr'>fruitur</span> <span class='ocrx_word' id='word_1_294' title='bbox 582 4377 674 4429; x_wconf 91' lang='lat' dir='ltr'>nunc</span> <span class='ocrx_word' id='word_1_295' title='bbox 701 4356 792 4451; x_wconf 93' lang='lat' dir='ltr'>apud</span> <span class='ocrx_word' id='word_1_296' title='bbox 830 4377 949 4432; x_wconf 89' lang='lat' dir='ltr'>omnes</span> <span class='ocrx_word' id='word_1_297' title='bbox 989 4356 1150 4432; x_wconf 89' lang='lat' dir='ltr'>occiduas</span> <span class='ocrx_word' id='word_1_298' title='bbox 1193 4367 1311 4455; x_wconf 83' lang='lat' dir='ltr'>gentes</span> <span class='ocrx_word' id='word_1_299' title='bbox 1342 4357 1479 4434; x_wconf 91' lang='lat' dir='ltr'>mulieri</span> 
     </span>
    </p>
   </div>
   <div class='ocr_carea' id='block_1_2' title="bbox 255 4593 779 4938">
    <p class='ocr_par' dir='ltr' id='par_1_9' title="bbox 255 4593 779 4938">
     <span class='ocr_line' id='line_1_35' title="bbox 255 4593 567 4666; baseline -0.022 -16"><span class='ocrx_word' id='word_1_300' title='bbox 255 4595 290 4666; x_wconf 73' lang='lat' dir='ltr'>tl)</span> <span class='ocrx_word' id='word_1_301' title='bbox 304 4595 342 4650; x_wconf 88' lang='lat' dir='ltr'>Il.</span> <span class='ocrx_word' id='word_1_302' title='bbox 358 4604 436 4658; x_wconf 69' lang='lat' dir='ltr'>laxet,</span> <span class='ocrx_word' id='word_1_303' title='bbox 452 4593 503 4645; x_wconf 78' lang='grc'>487</span> <span class='ocrx_word' id='word_1_304' title='bbox 517 4605 567 4658; x_wconf 85' lang='lat' dir='ltr'>sq.</span> 
     </span>
     <span class='ocr_line' id='line_1_36' title="bbox 256 4682 569 4753; baseline -0.016 -12"><span class='ocrx_word' id='word_1_305' title='bbox 256 4689 294 4753; x_wconf 73' lang='lat'>(2)</span> <span class='ocrx_word' id='word_1_306' title='bbox 309 4683 465 4748; x_wconf 63' lang='lat' dir='ltr'>Herodot„</span> <span class='ocrx_word' id='word_1_307' title='bbox 486 4693 506 4748; x_wconf 93' lang='lat'>1,</span> <span class='ocrx_word' id='word_1_308' title='bbox 521 4682 569 4736; x_wconf 69' lang='lat'>35.</span> 
     </span>
     <span class='ocr_line' id='line_1_37' title="bbox 258 4772 779 4848; baseline -0.015 -17"><span class='ocrx_word' id='word_1_309' title='bbox 258 4777 291 4848; x_wconf 70' lang='lat'>{3}</span> <span class='ocrx_word' id='word_1_310' title='bbox 307 4777 442 4840; x_wconf 87' lang='lat' dir='ltr'>Aristot.,</span> <span class='ocrx_word' id='word_1_311' title='bbox 459 4772 565 4842; x_wconf 68' lang='lat' dir='ltr'>Ponit„</span> <span class='ocrx_word' id='word_1_312' title='bbox 584 4788 613 4840; x_wconf 85' lang='lat' dir='ltr'>n,</span> <span class='ocrx_word' id='word_1_313' title='bbox 630 4772 654 4835; x_wconf 92' lang='lat' dir='ltr'>l,</span> <span class='ocrx_word' id='word_1_314' title='bbox 673 4772 719 4825; x_wconf 87' lang='lat'>14.</span> <span class='ocrx_word' id='word_1_315' title='bbox 776 4797 779 4803; x_wconf 90' lang='lat'>·</span> 
     </span>
     <span class='ocr_line' id='line_1_38' title="bbox 259 4863 758 4938; baseline -0.004 -18"><span class='ocrx_word' id='word_1_316' title='bbox 259 4869 294 4938; x_wconf 74' lang='lat' dir='ltr'>tt&gt;</span> <span class='ocrx_word' id='word_1_317' title='bbox 310 4865 446 4937; x_wconf 75' lang='lat' dir='ltr'>Thucyd,</span> <span class='ocrx_word' id='word_1_318' title='bbox 464 4878 484 4932; x_wconf 86' lang='lat' dir='ltr'>r,</span> <span class='ocrx_word' id='word_1_319' title='bbox 500 4863 631 4918; x_wconf 76' lang='lat' dir='ltr'>las-128.</span> <span class='ocrx_word' id='word_1_320' title='bbox 755 4913 758 4918; x_wconf 91' lang='lat'>.</span> 
     </span>
    </p>
   </div>
   <div class='ocr_carea' id='block_1_3' title="bbox 0 0 1612 5408">
    <p class='ocr_par' dir='ltr' id='par_1_10' title="bbox 0 0 1612 5408">
     <span class='ocr_line' id='line_1_39' title="bbox 0 0 1612 5408; baseline 0 1"><span class='ocrx_word' id='word_1_321' title='bbox 0 0 1612 5408; x_wconf 95' lang='lat' dir='ltr'> </span> 
     </span>
    </p>
   </div>
  </div>
 </body>
</html>
