3216 5408
702 413 750 427 ..
776 370 822 446 31·
847 412 897 428 .-

138 483 146 505 ⁹
172 511 396 608 interroganti
416 533 477 586 our
491 532 570 585 suas
587 485 678 605 leges
692 505 821 581 violare
836 525 921 578 ausa
950 501 1004 594 sit,
1036 499 1212 576 nobilibus
1244 498 1431 597 respondet
1476 467 1478 471 η

170 629 237 704 illis
256 627 432 703 versibus:

211 812 278 871 Nou
290 826 343 871 eas
358 809 431 870 milri
447 809 570 886 Jupiter
585 809 740 881 edixerat,
756 821 815 866 666
831 820 902 882 quae
916 800 976 863 diis
1002 797 1111 860 inieris
1137 798 1255 860 assidet
1279 797 1400 874 Justitia
1419 820 1428 874 3

172 925 273 987 neque
290 920 408 970 tantum
423 909 524 969 valere
537 906 656 967 credidi
669 914 720 965 tua
744 902 858 975 edicta,
874 909 981 960 utnon
997 899 1130 974 scriptas
1145 897 1200 959 sed
1217 896 1321 957 firmas
1337 896 1430 956 deum

171 1009 266 1086 leges,
283 1007 422 1067 mortalis
437 1023 530 1083 quum
546 1006 601 1078 sis,
626 1019 722 1080 queas
736 1000 864 1063 violare.
893 1000 961 1060 Non
986 997 1068 1058 enim
1095 1013 1178 1056 nunc
1198 1003 1252 1055 aut
1271 993 1340 1054 heri
1359 993 1430 1054 fixae

173 1104 235 1166 illae
258 1115 341 1176 sunt,
358 1105 413 1165 sed
429 1106 536 1182 vigent
547 1103 587 1163 ab
604 1102 690 1163 omui
713 1117 793 1167 aevo,
809 1113 867 1159 neo
882 1096 1144 1175 novitquisquam
1159 1110 1198 1154 ex
1211 1109 1273 1170 quo
1288 1103 1430 1170 tempore

172 1201 355 1278 prodierunt
367 1199 413 1280 (V.
425 1189 496 1282 450,
512 1198 596 1278 sqq.)

220 1397 403 1475 AEteruam
429 1391 626 1491 justiliam,
653 1383 797 1480 ἄγραπτα
822 1403 947 1475 νόμιμα,
974 1390 1010 1463 in
1038 1399 1155 1463 mente
1188 1387 1371 1478 intuetur,
1397 1399 1432 1476 at

172 1513 345 1586 Homerus
365 1510 423 1608 qui
437 1509 530 1583 lovis
544 1511 684 1584 decreta
712 1520 1089 1603 reveretur31rusquam
1109 1504 1152 1577 de
1183 1503 1257 1598 lege
1281 1503 1433 1600 loquitur

171 1628 384 1725 sempiterna
400 1627 457 1700 illa
475 1638 509 1700 et
523 1625 737 1700 immutabili
757 1647 832 1721 quae
847 1648 915 1699 nou
927 1621 1065 1697 eritalia
1080 1643 1184 1713 nuno,
1198 1619 1430 1717 aliaposthac,
1531 1623 1539 1637 '

171 1746 231 1819 sed
248 1766 370 1818 omnes
392 1756 512 1840 gentes
527 1742 622 1817 omni
639 1755 794 1840 tempore
809 1739 1000 1816 continebit
1020 1738 1080 1836 (l).

223 1859 310 1944 Quid
327 1858 531 1932 veredicum
547 1859 589 1930 de
609 1857 783 1954 OEdipode
809 1856 867 1930 illo
900 1854 1050 1928 Coloneo
1079 1852 1136 1951 qui
1164 1864 1347 1951 postquam
1361 1855 1430 1929 sato

172 1984 207 2048 et
226 1975 398 2048 voluntate
417 1974 562 2048 deorum
583 1974 625 2046 ad
646 1973 861 2046 atrocissima
881 1964 1044 2045 facinora·
1073 1969 1240 2045 deductus
1270 1983 1331 2059 est,
1360 1972 1432 2070 pri·

174 2114 270 2165 mum
297 2089 487 2187 ignominia
506 2102 688 2187 coopertos
705 2090 919 2187 obrutusque
933 2086 1082 2162 miseriis
1099 2086 1283 2161 horrorem
1298 2089 1433 2184 generis

174 2204 319 2278 humani
334 2195 501 2296 movebat,
519 2205 579 2279 ubi
597 2229 676 2302 vero
696 2217 847 2279 extremo
877 2205 913 2276 in
948 2203 1024 2276 vitae
1048 2201 1167 2275 limine
1194 2226 1265 2276 suae
1292 2204 1431 2281 ¹virtutis
1516 2279 1519 2282 .

175 2318 384 2416 integraeque
402 2319 605 2395 innocentiae
618 2343 757 2394 sensum
782 2319 922 2416 recepit,
946 2317 1111 2391 continuo
1127 2316 1298 2391 scelerum
1317 2321 1431 2416 gravi-

174 2445 244 2509 tate
262 2437 404 2525 levatur,
420 2436 641 2533 placidusque
660 2460 700 2511 ac
717 2437 840 2526 fideus,
858 2434 908 2509 uti
921 2445 1044 2531 postea
1059 2432 1230 2539 Socrates,
1255 2445 1432 2512 terrenum

97 2588 101 2595 ·
173 2549 265 2624 istud
279 2551 492 2626 domicilium
517 2553 680 2650 relinquit
697 2555 713 2625 ‘l

168 2720 171 2725 -
221 2670 259 2743 ln
275 2668 466 2742 Philoctete
482 2681 647 2764 tanquam
675 2681 851 2744 certamen
872 2667 1088 2767 proponitur.
1118 2665 1286 2742 Hinestat
1304 2669 1434 2768 Ulyssis

171 2784 316 2875 ralritia,
331 2783 422 2859 illino
437 2783 581 2880 simplex
595 2785 811 2882 Neoptolemi
829 2783 1088 2859 adolescentiae
1099 2785 1286 2862 mendaciis
1302 2787 1430 2864 abhor-

172 2924 269 2975 rens.
294 2899 387 2974 Nihil
399 2913 556 2984 πολύμητις
581 2901 683 2975 beros
711 2901 866 2997 proficit:
904 2900 1008 2974 vincit
1030 2900 1164 2976 veritas.
1226 2932 1228 2935 ·
1454 2904 1459 2917 “

211 3089 248 3147 At
262 3086 287 3147 si
300 3087 384 3164 justa
400 3087 480 3162 haec,
496 3047 1007 3165 sapientibus'suutpraestantiora
1020 3086 1066 3166 (V.
1085 3085 1185 3168 1246).

221 3281 255 3354 Si
284 3283 486 3357 desummo
516 3283 577 3389 illo
594 3283 728 3357 virtutis
752 3284 886 3381 fastigio
907 3284 1057 3382 degressi
1073 3285 1116 3359 ad
1135 3284 1210 3382 ipsa
1230 3284 1305 3359 vitae
1322 3287 1434 3363 officia

173 3399 372 3490 ueniamus,
415 3400 628 3498 reperiamus
667 3424 733 3473 non
768 3424 880 3497 pauca
911 3413 945 3475 et
975 3402 1010 3475 in
1043 3402 1084 3476 iis
1117 3402 1302 3477 immutata
1341 3427 1431 3496 esse:

173 3539 368 3613 quaeremus
402 3516 556 3612 primum
600 3539 644 3589 au
665 3516 785 3590 eodem
816 3518 919 3591 modo
939 3518 1141 3614 Sophocleaa
1161 3543 1318 3617 personae
1332 3534 1434 3620 atque

172 3631 346 3705 Homerici
373 3631 497 3705 heroes
528 3631 641 3706 officia
668 3655 747 3728 erga
779 3642 998 3708 mortuorum
1025 3633 1185 3731 reliquias
1212 3638 1336 3711 colant.

220 3749 431 3843 aesopum
458 3748 637 3844 Sophoclis
670 3748 794 3823 fabulis
826 3773 902 3844 quae
931 3748 1118 3848 s'upersunt
1148 3753 1206 3826 illa
1220 3754 1264 3827 de
1282 3778 1350 3850 qua
1360 3756 1433 3853 jam

173 3887 277 3960 supra
295 3863 443 3938 diximus
474 3867 646 3960 Antigone
666 3866 925 3941 demonstratur
955 3891 1118 3966 suprema
1147 3868 1293 3944 mortuis
1323 3873 1435 3948 officia

106 3995 110 4003 ’
173 3981 290 4078 utique
320 3982 543 4077 persolvenda
571 4006 656 4073 esse,
678 4007 790 4080 neque
822 3986 891 4060 ulla
923 3987 999 4084 lege
1018 3988 1435 4087 humanaquemquama
1520 3970 1525 3976 ⁴

143 4156 145 4160 a
170 4095 362 4192 justissima
396 4096 561 4192 religione
593 4100 699 4173 arceri
730 4101 868 4174 debere.
904 4103 947 4176 Et
972 4102 1007 4176 in
1039 4112 1191 4177 extrema
1205 4115 1301 4201 parte
1320 4105 1433 4204 Ajaois

173 4214 275 4288 ranioe
290 4215 332 4288 de
345 4213 539 4311 sepeliendo
554 4217 657 4291 beroe
668 4219 796 4313 agitur:
816 4218 948 4295 Teucer
961 4220 1118 4295 fraternis
1133 4221 1292 4297 Manibus
1304 4225 1434 4302 solvere

170 4329 282 4424 justos
313 4329 461 4403 honores
488 4345 608 4429 parat;
641 4332 767 4407 Atridae
791 4358 860 4409 non
888 4335 1006 4409 sinunt
1042 4337 1138 4412 fieri:
1171 4361 1244 4414 sese
1273 4320 1437 4416 sanctiori

175 4444 316 4518 consilio
330 4447 462 4521 socium
474 4448 610 4545 Ulysses
623 4449 730 4524 addit.
749 4450 838 4537 Quin
853 4462 887 4526 et
901 4451 936 4525 in
950 4453 1087 4529 Electra
1103 4454 1260 4531 videmus
1275 4454 1437 4554 Clytaem·
1502 4479 1504 4484 ·

175 4574 341 4654 nestram,
371 4563 541 4639 scelerum
568 4566 645 4641 lioet
677 4567 771 4642 omni
789 4569 867 4645 labe
884 4572 1167 4667 contaminatam,
1183 4574 1436 4673 interemptum

212 4815 245 4885 (ll
261 4816 301 4870 V.
318 4816 411 4872 Cicer.
430 4815 465 4871 de
478 4816 515 4873 R.
535 4816 571 4873 P.
591 4828 638 4873 111.
