3216 5408
589 354 609 477 ζ
717 382 895 457 -co-

216 521 322 596 Paulo
339 536 415 620 post
429 522 544 618 ipsum
560 521 734 620 OEdipoda
750 519 861 595 Creon
878 517 1012 616 inJ'ectis
1039 514 1201 592 manibus
1223 512 1294 588 vult
1317 468 1429 588 abdu-

168 658 267 712 cere:
286 660 362 733 quae
380 636 462 730 dicit
475 638 637 714 choros?

208 819 327 892 Quanta
343 819 403 879 huc
418 820 559 893 audacia,
576 820 703 897 hospes,
717 817 843 900 uenisti,
855 817 881 879 si
896 824 987 895 putas
1003 824 1034 875 te
1046 815 1114 874 haec
1127 811 1313 873 effecturum
1331 813 1337 870 t

208 917 323 978 Canon.
338 950 378 962 -
388 919 478 979 Puto.

209 1015 345 1076 Connus.
365 1050 404 1060 —
418 1018 503 1079 Hanc
519 1014 616 1096 igitur
640 1032 702 1076 non
733 1015 867 1093 amplius
883 1013 1019 1075 censebo
1035 1011 1192 1074 ciuitatem
1207 1027 1276 1071 esse
1292 1008 1339 1089 (V.
1358 1009 1427 1080 877,

104 1119 107 1125 ’
168 1111 250 1194 suo·

216 1306 328 1382 Minus
344 1308 523 1406 OEdipodis
551 1307 714 1407 injuriam
736 1330 841 1406 quam
860 1306 1021 1381 uiolatam
1049 1304 1192 1380 civitatis
1214 1305 1431 1401 majestatem

173 1439 294 1500 curat.¹

182 1571 185 1577 ⁴
217 1541 315 1618 Tunc
334 1543 478 1617 demum
494 1541 632 1619 advenit
648 1542 799 1624 Theseus
819 1564 838 1616 e
854 1540 952 1638 cujus
968 1538 1081 1615 verbis
1097 1560 1207 1636 pauca
1220 1539 1406 1643 decerpam
1423 1561 1430 1609 :

171 1657 319 1758 graviter
331 1658 489 1756 increpat
504 1656 702 1734 Creontem.

210 1841 267 1914 Qui
280 1842 351 1919 Jura
364 1842 519 1903 colentem
536 1840 697 1918 ingressus
709 1839 879 1912 civitatem,
896 1838 1036 1917 nihilque
1052 1837 1121 1898 sine
1134 1839 1204 1916 lege
1216 1846 1431 1917 peragentem,

171 1948 273 1999 tamen
290 1939 436 2017 neglecta
451 1938 574 2016 publica
590 1937 693 2016 legum
720 1937 907 1998 auctoritate
921 1937 966 1997 sic
980 1936 1135 2024 violenter
1155 1936 1277 1998 irruens
1303 1935 1434 1998 abducis

171 2053 376 2113 quaecumque
397 2036 455 2107 vis,
481 2035 603 2112 tibique
618 2051 675 2112 per
700 2034 760 2095 vim
783 2034 923 2111 subjicis.
948 2034 1077 2095 etmihi
1108 2033 1217 2094 urbem
1232 2050 1301 2094 esse
1316 2035 1432 2111 putasti

169 2150 296 2194 uacuam
315 2134 402 2205 viris,
418 2145 472 2194 aut
487 2133 615 2194 domino
634 2133 821 2194 servientem
844 2131 950 2204 alicui,
966 2140 998 2193 et
1012 2148 1062 2192 me
1077 2131 1235 2192 hominem
1251 2149 1320 2193 esse
1344 2126 1431 2192 nihili

171 2230 219 2309 (V,
236 2234 306 2304 913,
329 2231 412 2312 sqq).

220 2427 369 2503 Omnino
398 2429 487 2502 inter
507 2428 643 2504 Thebas
659 2440 763 2524 atque
780 2427 933 2501 Athenas
953 2446 993 2498 ea
1012 2421 1054 2497 lis
1083 2422 1127 2496 de
1156 2420 1328 2519 OEdipode
1355 2431 1431 2496 est:

173 2546 295 2620 heroes
320 2546 473 2619 Theseus
500 2555 535 2619 et
568 2542 678 2619 Creon
712 2541 816 2619 veluti
849 2565 920 2617 suae
944 2551 1090 2637 uterque
1122 2536 1265 2613 ciuitatis
1292 2560 1433 2616 causam

174 2657 364 2756 suscipiunt
379 2682 420 2733 ao
436 2669 590 2732 tuentur.

222 2775 281 2849 Uti
295 2775 338 2850 de
353 2775 482 2851 civibus
500 2774 764 2871 civitatibusque
777 2774 907 2856 mentio
926 2771 1112 2870 saepissime
1131 2773 1171 2847 fit
1189 2774 1279 2870 apud
1300 2774 1436 2871 Sopho·

173 2892 276 2984 clem,
292 2893 386 2968 itaet
405 2895 447 2966 de
460 2891 605 2990 tegibus.
623 2891 701 2966 Jnm
721 2892 870 2967 diximus
888 2913 1061 2988 nusquam
1088 2889 1294 2966 vocabulum
1320 2889 1435 2986 ipsum

173 3020 268 3092 νόμους
294 3007 455 3106 usurpari
480 3007 514 3081 in
543 3007 653 3081 [tiade
687 3021 721 3081 et
748 3005 930 3106 Odyssea:
967 3028 1066 3081 voces
1096 3015 1185 3088 δίκη,
1216 3014 1307 3088 utar,
1337 3017 1432 3090 θέμις,

173 3137 302 3210 θέμιστες
322 3125 483 3199 videntur
509 3146 583 3198 esse
604 3125 740 3199 decreta
765 3124 857 3200 Jovis
878 3137 939 3200 ant
955 3125 1134 3200 sententiae
1163 3124 1435 3222 ajodicantibus

174 3242 303 3333 edictae,
335 3263 405 3314 non
438 3240 546 3335 leges.
576 3239 620 3312 dt
651 3262 722 3313 non
750 3241 854 3315 modo
879 3238 1069 3337 Sophocles
1097 3239 1191 3337 justa
1215 3238 1370 3313 instituta
1402 3252 1436 3313 et

174 3358 337 3456 legitimae
347 3354 527 3454 potestatis
541 3353 690 3452 imperia
708 3356 879 3452 cognovit,
898 3356 958 3431 sed
981 3366 1015 3430 et
1046 3355 1200 3430 sahulam
1234 3355 1436 3454 conscripsit

173 3473 366 3569 Antigonen
383 3471 441 3545 ubi
455 3471 487 3545 id
508 3482 652 3544 tantum·
676 3471 792 3568 agitur
825 3493 868 3544 an
897 3469 983 3568 legis
1014 3470 1189 3566 imperio,
1216 3484 1436 3568 repugnante

174 3600 311 3688 natura,
330 3589 374 3663 sit
389 3589 509 3684 utique
524 3588 730 3686 parendum.
753 3587 843 3662 Hinc
856 3586 967 3663 Creon
981 3588 1038 3686 jus
1054 3587 1210 3680 civitatis,
1226 3574 1321 3664 illino
1338 3590 1437 3664 Anti·
1485 3606 1488 3612 ’

175 3728 263 3804 gone
279 3704 336 3802 jus
363 3716 498 3779 naturae
527 3705 642 3801 potius
665 3704 781 3795 habet,
807 3727 848 3778 ac
876 3704 989 3802 primo
1027 3727 1155 3801 anceps
1196 3703 1437 3804 incertumque

175 3824 323 3898 duarum
336 3822 451 3918 legum
464 3832 637 3897 certamen
652 3844 673 3895 a
688 3821 751 3896 diis
766 3823 908 3896 demum
923 3821 1109 3914 dirimitur,
1125 3845 1274 3921 quorum
1289 3823 1436 3900 Tiresias

175 3937 331 4012 minister
351 3937 486 4033 pietatis
506 3961 648 4012 oausam
663 3937 841 4012 meliorem
857 3938 1007 4014 ostendit
1021 3949 1064 4012 ut
1086 3962 1156 4013 non
1171 3939 1244 4035 jam
1274 3939 1317 4014 sit
1333 3941 1436 4017 dubi-

174 4055 297 4130 tationi
326 4055 423 4130 locus
443 4057 500 4130 sed
520 4055 600 4153 jure
619 4057 786 4132 multatus
817 4055 902 4154 legis
930 4056 1092 4131 hnmanae
1125 4057 1286 4133 defensor
1321 4057 1435 4137 Creon
1542 4042 1544 4045 ¹

176 4172 432 4248 videaturesse.

223 4289 300 4366 Non
320 4290 434 4364 solum
450 4292 493 4367 de
508 4291 640 4367 civitate
653 4314 693 4366 ac
710 4292 845 4391 legibus
861 4290 989 4368 mentio
1014 4313 1104 4389 saepe
1118 4291 1157 4367 fit
1187 4295 1279 4391 apud
1300 4293 1438 4392 Sopho-

121 4472 126 4484 .
175 4404 274 4496 clem,
290 4403 401 4481 sedin
421 4406 496 4505 ejus
515 4406 639 4482 tabulis
658 4418 696 4482 ut
709 4408 743 4481 in
758 4407 878 4484 ceteris
893 4407 1094 4483 Graecorum
1118 4408 1320 4504 tragoedia,
1358 4407 1438 4483 ciui·
1464 4421 1467 4432 “

175 4531 228 4596 tos
243 4521 321 4619 ipsa
336 4522 436 4597 adest
452 4523 549 4621 cujus
569 4523 696 4598 chorus
709 4535 825 4620 partes
841 4523 968 4621 ubique
981 4531 1110 4615 tuetur,
1122 4522 1180 4621 qui
1195 4523 1239 4598 ab
1255 4522 1437 4599 Aristotele

177 4637 484 4734 optimedefinitur
500 4649 686 4716 «actorum
700 4665 789 4716 unus
801 4667 818 4714 n
831 4641 968 4740 (t),nec
980 4639 1095 4715 minus
1111 4650 1202 4716 recte
1213 4638 1257 4715 ab
1269 4638 1434 4717 Horatio:

214 4851 248 4924 tlt
265 4851 392 4922 Poetic„
407 4867 435 4907 c.
454 4864 545 4910 xvim.
