3216 5408
806 1647 841 1734 H

293 1913 329 1962 De
346 1913 460 1976 priorum
478 1919 612 1976 poetarum
625 1909 748 1974 exemplis
765 1924 823 1973 quae
840 1908 993 1973 Sophoclem
1010 1909 1041 1957 ad
1059 1906 1204 1956 liberiorem
1221 1907 1357 1955 vetustatis

638 1990 818 2040 ‘imitationem
835 1990 994 2039 inducerent.
1090 2001 1093 2007 ·

727 2271 911 2280 -..-—--—-

243 2582 416 2658 Hactenus
443 2583 546 2669 veluti
574 2605 710 2656 summa
729 2562 897 2686 ¹quaedam
930 2579 1078 2656 heroicae
1111 2581 1219 2655 aetatis
1247 2580 1455 2657 lineamenta

193 2698 254 2770 des
273 2695 468 2792 smpsimus,
487 2695 631 2772 Homeri
664 2707 892 2770 monumenta
921 2695 1128 2786 evolventes,
1145 2706 1180 2769 et
1192 2704 1342 2771 veterem
1356 2695 1454 2769 illum

192 2812 360 2886 Achiuum
390 2835 459 2886 non
479 2813 617 2908 penitus
654 2826 851 2910 temporum
885 2823 1050 2886 vetustate
1063 2812 1227 2887 obrutum
1247 2835 1321 2887 esse
1339 2824 1454 2887 osten-

194 2919 319 3019 dimus,
337 2928 408 3002 imo
441 2929 483 3003 ad
511 2929 692 3027 Sophoclis
708 2941 856 3009 aetatem.
884 2928 912 3002 si
929 2951 998 3003 non
1025 2929 1215 3027 integrum,
1235 2938 1350 3004 tamen
1373 2928 1455 3003 satis

193 3044 380 3120 notabilem
395 3043 521 3142 inipsa
546 3047 660 3120 saeculi
688 3046 857 3143 politioris
887 3043 1099 3120 humanitate
1116 3045 1335 3142 superfuisse.
1353 3046 1455 3119 Nunc
1554 3089 1556 3093 -

193 3159 349 3235 videatur
365 3160 528 3236 continuo
556 3162 780 3259 quaerendum
813 3185 887 3237 esse
913 3184 956 3236 an
986 3161 1174 3259 Sophocles
1190 3161 1455 3237 consuetudines

194 3277 449 3379 assensus'ab
483 3289 585 3352 aetate
617 3279 757 3353 heroica
790 3301 931 3375 prorsus
963 3279 1189 3354 abhorrentes
1217 3279 1253 3351 in
1279 3277 1454 3376 tragoediis

193 3380 348 3466 imitatus
374 3391 428 3467 sit.
459 3392 527 3467 Sed
559 3394 655 3491 prius
685 3393 784 3467 libuit
806 3394 985 3468 attendere
1019 3405 1136 3467 utrum
1168 3392 1277 3491 poesis
1302 3393 1387 3466 dum
1410 3393 1454 3468 ab

194 3501 386 3582 Homericis
404 3506 617 3582 carminibus
631 3509 674 3582 ad
687 3530 775 3582 novo
794 3529 922 3605 genera
936 3507 1145 3599 deflecteret,
1168 3529 1305 3606 semper
1322 3529 1455 3582 meram

194 3621 369 3696 vetustatis
394 3645 434 3698 ac
467 3622 637 3697 sinceram
675 3622 906 3697 imitationem
941 3619 1105 3713 efficerit,
1144 3644 1188 3695 an
1216 3621 1330 3719 potius
1360 3621 1456 3698 novis

195 3736 350 3813 moribus
365 3761 401 3812 se
410 3739 733 3832 accommodaverit,
749 3755 787 3815 ut
800 3751 918 3814 noster
932 3759 1069 3836 quoque
1084 3748 1185 3834 poeta
1202 3737 1246 3812 ad
1259 3737 1455 3812 libertatern

194 3852 345 3951 aliquam
364 3853 406 3928 de
425 3863 594 3930 vetustate
608 3855 847 3953 usurpandam
869 3855 1017 3931 aliorum
1035 3853 1198 3952 exemplis
1217 3853 1452 3929 induceretur.

193 3969 346 4045 Proinde
382 3993 576 4068 graecarum
614 3972 806 4047 litterarum
839 3972 979 4046 annales
1009 3971 1185 4062 adeamus,
1218 3984 1251 4045 et
1273 3979 1455 4066 poetarum

114 4085 127 4103 ⁶
193 4083 380 4160 illustrium
416 4085 575 4183 quiante
601 4086 808 4182 Sophoclem
843 4085 1057 4176 exstiterunt,
1072 4084 1319 4182 investigemus
1337 4106 1453 4180 opera.

194 4202 288 4278 luter
320 4201 452 4299 priores
484 4224 524 4277 ac
555 4202 659 4277 veluti
696 4201 846 4299 majores
875 4203 921 4277 ita
958 4212 1106 4303 ponetur
1150 4199 1356 4299 Sophocles,
1391 4221 1456 4274 nec

194 4318 379 4394 mirabitur
415 4318 597 4417 quisquam
624 4341 688 4394 nos
714 4341 830 4423 veram
871 4342 987 4394 rernm
1026 4317 1151 4393 seriem
1190 4316 1360 4414 explicare
1395 4339 1458 4391 vo·

195 4431 312 4507 luisse.
1408 4488 1412 4494 .

243 4547 354 4646 Atque
365 4550 451 4624 adeo
467 4549 532 4624 tria
546 4550 732 4647 repetenda
746 4565 827 4626 sunt
841 4575 917 4651 quae
934 4551 977 4627 ab
994 4549 1069 4626 aliis
1087 4551 1160 4649 jam
1173 4548 1408 4648 demonstrata
1420 4559 1456 4623 et
1518 4635 1522 4639 ,

196 4663 400 4741 confirmata
418 4665 471 4738 vix
504 4676 629 4741 nostrae
660 4666 905 4763 disputationis
931 4689 1034 4765 egere
1061 4664 1287 4740 videbuntur:
1322 4661 1456 4759 epicam

195 4777 328 4875 poesim
360 4802 380 4855 a
408 4780 647 4856 remotissimis
686 4781 901 4879 temporibus
943 4781 1037 4857 brevi
1071 4778 1309 4889 consenuisse:
1340 4777 1456 4854 locum
1531 4792 1533 4796 ’
