3216 5408
216 488 281 564 Sed
294 486 471 561 nuntiatur
480 484 618 581 pulvere
632 483 675 559 ab
688 483 807 581 ignoto
822 483 934 559 amieo
949 480 1254 581 corpusPolynicis
1264 490 1427 578 opertum
1529 459 1540 523 ‘-

169 626 243 679 esse
261 629 270 676 ε
291 613 366 677 tum
392 623 470 676 vero
485 612 650 700 tyrannus
665 623 805 674 omnem
837 600 889 674 sni
920 598 1232 674 dissimulationem
1263 596 1427 696 abjiciens
1513 646 1517 652 ·

168 744 289 796 seusus
303 720 498 795 reconditos
515 717 636 816 retegit
655 743 663 791 :
686 718 832 792 chorum
861 718 1006 792 deornm
1023 739 1088 814 ope
1105 714 1248 803 cadaver
1276 716 1428 790 honora-

78 875 85 885 ·
132 904 134 908 .
170 849 245 910 tum
265 817 339 910 esse
355 834 587 932 suspicantem
602 833 803 932 gravissime
819 832 1060 931 reprehendit:
1081 831 1153 929 ipse
1167 831 1311 905 rebelles
1324 854 1429 927 quos-

170 951 250 1025 dam
269 951 356 1026 clam
377 973 480 1025 novas
508 972 562 1024 res
584 949 697 1024 mohri
714 949 892 1024 contendit
910 971 1058 1046 quorum
1081 947 1194 1023 studia
1217 947 1429 1045 Jampridem

171 1067 375 1164 speculetur.

210 1251 287 1310 llum
318 1213 395 1312 deos
422 1250 645 1312 videshonore
667 1249 767 1310 malos
795 1248 975 1327 prosequi?
1002 1222 1068 1307 Non
1083 1254 1142 1307 est.
1169 1246 1231 1307 Sed
1256 1246 1325 1306 haec
1345 1261 1430 1323 aegre

171 1344 307 1407 terentes
331 1347 427 1419 cives,
455 1347 571 1406 dudum
586 1344 864 1406 obmurmurabant
894 1344 980 1416 mihi,
997 1343 1076 1403 clam
1099 1341 1201 1420 capita
1226 1352 1429 1420 quassantes,

172 1462 273 1522 neque
295 1445 352 1505 sub
371 1445 449 1523 jugo
465 1445 684 1518 cervicem-ut
699 1445 802 1518 decet,
817 1443 985 1520 habebant,
1002 1453 1036 1503 ut
1050 1442 1185 1520 imperio
1199 1458 1270 1503 meo
1285 1441 1430 1519 acquIes-

171 1552 279 1603 carent
294 1540 341 1620 (V.
356 1544 426 1614 288,
442 1543 526 1619 sqq).

220 1733 323 1810 Mixta
352 1733 410 1808 illa
440 1733 664 1836 magistratus
707 1735 853 1830 gravitas
888 1757 969 1809 cum
997 1732 1131 1832 tyranni
1156 1731 1359 1831 impotentia
1396 1737 1433 1812 in

173 1849 329 1925 Creontis
348 1850 517 1947 colloquio
544 1873 623 1924 cum
639 1850 713 1923 filio
731 1850 880 1924 maxime
908 1860 1061 1947 apparet.
1096 1848 1277 1925 Pisistrato
1297 1852 1434 1949 egregie

172 1968 317 2064 probata
334 1977 423 2042 esset
440 1967 624 2064 disputatio
645 1967 879 2059 solertissima,
905 1968 938 2041 in
958 1990 1025 2064 qua
1056 1977 1135 2063 apte
1160 1967 1433 2043 commiscentur

171 2081 317 2177 legitimi
338 2081 474 2179 imperii
494 2082 574 2180 jura
609 2105 688 2173 cum
716 2082 805 2156 tristi
832 2082 1067 2157 dominatione
1093 2082 1241 2179 tyranni,
1259 2084 1318 2181 qui
1349 2085 1433 2160 nihil

172 2195 264 2271 aliud
285 2195 348 2270 nisi
366 2195 524 2270 omnium
538 2195 657 2271 servile
672 2197 877 2294 obsequium
892 2210 1031 2293 exoptat
1045 2198 1099 2295 (V.
1118 2197 1203 2286 639,
1225 2198 1314 2296 sqq).

220 2309 372 2386 Orationi
390 2312 496 2409 patris
514 2311 659 2386 Haemon
692 2313 878 2409 respondet
904 2313 1065 2386 omnibus
1097 2311 1252 2386 numeris
1272 2314 1432 2392 absoluta

172 2424 353 2498 oratiouer
381 2425 429 2498 ait
448 2424 621 2522 publicam
645 2424 933 2500 existimationem
961 2425 1151 2524 Antigones
1181 2426 1271 2503 lacto
1306 2429 1432 2525 favere,
1464 2493 1467 2500 .

173 2539 345 2614 neminem
359 2540 484 2615 erroris
495 2541 689 2616 immunem
703 2564 788 2633 esse,
797 2542 963 2639 plurimos
978 2542 1195 2618 contumacia
1209 2542 1434 2643 imprudente

51 2753 56 2764 ι
169 2654 412 2750 pessumdatos
427 2677 513 2728 esse.
536 2654 699 2752 Sequitur
713 2656 870 2752 dialogus
887 2655 921 2729 in
950 2678 1018 2753 quo
1039 2655 1146 2731 vivide
1167 2655 1279 2741 ciuilis·
1294 2660 1433 2737 libertas
1512 2752 1516 2759 Ι

173 2790 253 2843 cum
267 2768 428 2865 superbia
442 2769 623 2866 tyrannica
636 2771 871 2868 componitur.

193 2967 195 2972 ’
214 2954 338 3014 llnuou.
350 2986 388 2995 -—
402 2951 514 3030 Utique
528 2955 590 3016 hoc
603 2964 696 3034 negat
711 2955 873 3017 uniuersus
888 2956 1054 3018 Thebanus
1070 2954 1216 3036 populus.

96 3112 99 3117 .
214 3054 327 3115 Canon.
341 3085 380 3098 -
394 3053 522 3114 Scilicet
532 3072 603 3133 quae
618 3055 772 3140 imperare
787 3055 931 3136 debeam,
947 3055 1056 3117 ciuitas
1071 3056 1147 3116 mihi
1169 3059 1382 3136 praescribet?

218 3152 347 3212 Hauon.
357 3159 397 3196 -“-
407 3151 516 3212 Viden'
531 3163 564 3213 ut
575 3154 668 3214 nimis
680 3153 829 3231 juvenilis
843 3153 902 3214 iste
918 3164 989 3214 tuus
1004 3162 1053 3215 est
1066 3157 1195 3216 sermo?

117 3318 120 3322 Α
214 3253 327 3313 ennon.
338 3284 382 3301 -.
392 3249 542 3312 Nimirum
557 3253 638 3314 alius
651 3242 797 3331 imperio,
811 3246 875 3313 non
892 3269 972 3326 meo,
993 3263 1075 3315 terra
1090 3254 1159 3315 haec
1173 3254 1388 3331 subjiciatur?

215 3350 343 3409 llnuou.
354 3380 394 3391 —
404 3346 526 3504 &uippe
541 3364 604 3408 non
620 3357 667 3409 est
686 3349 795 3410 civitas
805 3366 875 3426 quae
891 3349 984 3410 unius
994 3359 1042 3411 est
1057 3349 1127 3411 viri.

214 3448 330 3508 Canon.
346 3480 386 3492 -
432 3462 514 3507 onne
529 3446 712 3524 imperantis
726 3456 873 3507 censetur
894 3463 963 3508 esse
980 3448 1112 3509 civitas?

214 3547 396 3607 limarum-
418 3542 737 3608 Pulchrescilicettu
763 3545 795 3606 in
824 3546 946 3608 deserta
969 3548 1155 3610 terrasolns
1181 3552 1360 3632 regnaveris
1387 3552 1435 3632 (V.

176 3646 246 3721 733,
259 3645 342 3725 sqq).

225 3843 416 3941 Postquam
446 3864 623 3918 excessere
654 3842 799 3917 Haemon
836 3851 871 3916 et
902 3841 1097 3941 Antigone,
1128 3845 1263 3921 advenit
1290 3848 1437 3926 Tiresias

178 3959 368 4056 deposcens
401 3971 440 4032 ut
474 3959 627 4057 Polynici
675 3981 838 4056 suprema
884 3958 1073 4033 solvantur.
1117 3961 1313 4059 AEgerrime
1351 3965 1437 4041 ratis

179 4072 360 4147 consilium
380 4073 490 4149 Creon
505 4074 622 4149 audit:
644 4075 794 4172 undique
810 4097 847 4148 se
866 4073 909 4147 ab
935 4075 1105 4167 hostibus,
1126 4100 1146 4151 a
1165 4078 1352 4177 conjuratis
1368 4080 1438 4178 peti

179 4186 368 4262 arbitratur
385 4215 394 4280 ;
411 4202 524 4264 vatem
545 4203 711 4287 tanquam
730 4190 876 4286 pecunia
890 4205 1093 4288 corruptum
1109 4192 1261 4292 falsaque
1277 4219 1438 4292 praenun-

178 4301 324 4376 tiantem
348 4303 537 4392 insimulat,
559 4315 722 4400 tantaque
739 4304 883 4379 effertur
901 4304 1190 4409 immoderatione
1218 4309 1279 4384 irae
1294 4323 1335 4385 ut
1353 4311 1438 4388 irre-

177 4416 414 4514 ligiosaetiam
431 4421 474 4496 de
492 4420 627 4517 superis
647 4421 739 4495 dicta
749 4419 864 4519 jaciat.

229 4533 278 4605 lta
308 4534 461 4630 prolecto
493 4557 530 4609 se
548 4557 601 4610 res
631 4535 735 4611 habet
758 4547 797 4610 ut
815 4559 928 4637 neque
953 4539 1099 4637 OEdipus
1114 4560 1225 4637 neque
1239 4538 1351 4616 Creon
1367 4543 1437 4618 veri

180 4670 278 4744 reges
294 4650 374 4740 sint,
399 4651 434 4724 in
457 4653 536 4726 aula
565 4651 636 4726 uati
665 4653 881 4756 educatique,
909 4679 1020 4754 neque
1045 4655 1197 4731 aulicum
1229 4679 1439 4756 quemquam

180 4762 311 4838 circum
337 4787 396 4842 eos
423 4765 586 4845 inreuias.
608 4767 774 4844 Homines
797 4784 878 4846 suut
895 4770 985 4847 inter
1011 4771 1137 4849 liberos
1161 4771 1249 4850 cives
1274 4773 1436 4866 instituti,
