3216 5408
689 382 883 463 —dd-

144 501 356 617 'populatum
369 527 433 606 est,
449 518 699 617 Thermopylas
713 517 874 614 Philippo
895 515 969 614 regi
989 517 1083 591 dedit
1102 543 1110 608 ;
1129 527 1292 614 quartum
1311 521 1414 616 quod,

151 632 315 707 AEschine
348 633 522 731 jubente,
550 631 821 729 Amphictyones
848 644 1078 728 susceperunt
1106 633 1265 707 adversus
1287 632 1415 710 Locros

151 747 345 845 Amphissa
372 749 534 838 cultores,
569 734 765 822 Chaeroneae
798 746 939 822 nomine
963 758 996 822 et
1023 749 1123 825 exitio
1152 747 1292 822 Graeciae
1309 749 1415 826 totius

151 863 366 937 lamosum‘l
405 864 566 956 -zhdde
604 864 794 939 tumultum
826 885 894 961 quo
928 863 1137 961 perturbatae
1165 862 1307 938 Athenae
1335 876 1416 939 sunt
1475 927 1477 930 .

151 992 336 1076 postquam
371 977 501 1076 effigies
536 977 697 1054 Mercurii
728 978 855 1077 passim
886 978 922 1051 in
954 979 1040 1054 urbe
1070 979 1202 1055 violatae
1236 991 1361 1071 essent,
1381 991 1416 1053 et
1465 1004 1469 1011 ·
1518 1007 1523 1022 ·

144 1092 288 1194 judicia,
312 1100 499 1184 tormenta,
529 1093 697 1190 supplicia
732 1116 807 1190 quae
832 1087 1072 1184 secuta'sunt,
1104 1117 1212 1192 quum
1238 1104 1347 1168 totam
1380 1117 1416 1168 se
1529 1127 1532 1135 ·

153 1206 268 1281 civitas
290 1205 469 1303 sacrilegio
491 1216 687 1281 contactam
714 1207 910 1282 existimans
928 1220 1088 1283 auctores
1115 1208 1235 1282 nefarii
1250 1208 1415 1290 ,lacinoris

57 1342 64 1412 f
152 1321 296 1420 reperiri
313 1331 346 1398 et
370 1321 533 1419 gravibus
547 1322 637 1397 affici
653 1323 763 1420 poenis
783 1336 936 1420 cuperet.
957 1323 1030 1398 Nec
1049 1324 1228 1398 omittendi
1244 1325 1350 1399 duces
1366 1325 1415 1397 illi

35 1540 37 1547 y
152 1438 364 1513 miserabiles
391 1438 449 1535 qui
467 1439 560 1534 apud
593 1437 781 1537 Arginusas
798 1462 905 1535 quum
921 1439 1095 1537 egregiam
1114 1439 1292 1527 victoriam
1320 1453 1414 1514 retu-

151 1553 281 1644 lissent,
296 1554 390 1629 nullo
412 1554 516 1627 modo
538 1552 632 1627 triste
649 1552 787 1628 exitium
808 1553 972 1643 vitarunt,
988 1556 1078 1650 quod
1096 1554 1252 1628 exanima
1270 1576 1415 1650 corpora

106 1690 107 1693 ’
150 1679 185 1743 et
199 1667 332 1742 saucios
346 1677 424 1765 post
443 1666 615 1764 proelium,
636 1668 720 1741 dum
737 1667 871 1740 hostem
898 1667 1086 1764 fugientem
1104 1666 1411 1764 persequebantur,

151 1805 219 1856 non
235 1784 476 1880 legissentsNe
493 1782 621 1858 diutius
647 1783 683 1856 in
713 1807 751 1856 re
769 1785 949 1859 manifesta
968 1785 1117 1858 haeream
1136 1811 1145 1874 ;
1166 1824 1213 1839 -·
1241 1779 1298 1857 sed
1327 1784 1415 1858 bene
1484 1848 1492 1866 ,

69 1907 72 1912 ’
152 1898 560 1997 constatiis'temporihus
575 1922 650 1996 quae
664 1899 824 1974 videntur
837 1900 871 1971 in
888 1899 1028 1973 Graeciae
1047 1896 1230 1973 annalibus
1251 1900 1413 1972 humani·
1490 1989 1492 2001 Ι

151 2013 231 2087 tatis
257 2015 351 2089 omni
372 2037 499 2111 genere
519 2014 729 2110 praestitisse,
761 2014 959 2111 opinionem
984 2016 1170 2112 quamdam
1192 2038 1415 2089 communem

151 2126 311 2222 viguisse,
327 2129 583 2203 cartalaciuora
596 2153 671 2226 quae
682 2128 890 2226 religionum
905 2143 965 2203 aut
977 2142 1111 2204 naturae
1125 2131 1218 2226 leges
1234 2129 1412 2223 violarent,

152 2267 212 2341 per
249 2245 382 2341 piacula
410 2246 574 2320 solvenda
593 2269 691 2337 esse,
719 2270 786 2344 qua
807 2247 945 2343 quidem
970 2231 1178 2331 'necessitate
1210 2245 1415 2343 expiationis

151 2372 356 2456 argumenta
373 2360 619 2457 tragoediarum
639 2363 844 2460 plerumque
859 2362 1019 2437 sustineri
1033 2361 1201 2435 videmus.
1343 2440 1346 2445 ,

199 2478 316 2554 Pauca
329 2480 503 2555 Homerus
529 2481 571 2555 de
600 2481 737 2576 OEdipo,
766 2505 841 2578 quae
858 2495 972 2556 tamen
989 2480 1081 2554 haud
1099 2478 1304 2575 negligenda
1323 2491 1413 2563 sunt.

15 2597 17 2602 ’
87 2581 88 2584 “
130 2595 207 2669 -Ait
224 2619 350 2692 nempe
370 2596 486 2693 OEdipi
502 2605 649 2670 matrem
672 2597 856 2693 Epicusten
886 2598 932 2696 (id
952 2597 1043 2670 enirn
1063 2595 1098 2666 in
1113 2593 1262 2690 Odyssea
1280 2595 1414 2690 miserae

44 2739 46 2742 ·
152 2710 289 2785 mulieri
330 2712 495 2810 nomen),
526 2737 643 2809 quum,
676 2713 739 2786 diis
764 2713 950 2797 indicibus,
984 2713 1158 2784 lunestum
1193 2711 1246 2783 sui
1275 2711 1414 2808 natique

152 2826 262 2900 scelus
280 2828 508 2924 cognovisset,
531 2829 772 2925 suspendiosa
800 2827 1013 2903 interemisse
1025 2854 1034 2918 ;
1057 2811 1221 2923 OEdipum
1237 2850 1316 2902 vero
1337 2847 1415 2923 post

152 2941 274 3016 matris
293 2966 413 3018 necem
436 2967 583 3040 reguum
601 2944 805 3034 obtinuisse,
839 2943 996 3041 quamvis
1015 2966 1095 3018 eum
1115 2955 1282 3017 maternae
1305 2943 1414 3041 Eryn-

151 3080 232 3156 opes
259 3059 360 3134 variis
392 3061 527 3136 damnis
543 3062 751 3148 afficerent:
786 3085 866 3135 eum
894 3060 959 3139 sibi
986 3059 1104 3134 oculos
1130 3059 1288 3134 effodisse
1319 3071 1356 3133 ‘et
1378 3084 1414 3135 se

151 3196 261 3271 regno
290 3161 498 3256 abdicavisse
532 3177 683 3272 ignorat.
716 3177 844 3250 Verum
869 3184 1020 3250 veterem
1047 3187 1187 3271 poetam
1215 3175 1319 3248 alium
1350 3177 1412 3274 (l),

102 3320 104 3323 ¹
151 3300 328 3366 auctorem
361 3292 554 3389 OEdipodiae
598 3281 884 3389 audiamusqui
917 3292 1023 3365 refert
1058 3291 1237 3387 OEdipum,
1274 3291 1411 3368 locaste

151 3406 325 3498 defuncta,
356 3398 500 3481 alteram
530 3408 668 3482 duxisse
703 3432 862 3499 uxorem,
899 3410 990 3483 unde
1027 3421 1175 3505 quatuor
1205 3406 1281 3481 illos
1313 3427 1411 3484 natos

150 3524 357 3621 procreavit,
381 3548 529 3621 quorum
552 3525 679 3599 nobilia
699 3537 780 3599 sunt
805 3526 958 3600 nomina.
994 3569 1041 3579 -
1072 3524 1159 3597 Male
1188 3524 1262 3598 haec
1294 3526 1412 3599 omnia

151 3641 401 3716 conveniebant
414 3642 526 3716 aetatis
535 3643 736 3717 recentioris
750 3643 880 3740 pietati.
900 3643 1014 3740 OEdipi
1030 3644 1157 3716 luctum
1170 3640 1411 3738 importunum
1505 3692 1507 3698 ·

151 3783 191 3834 ac
208 3761 393 3848 nefarium,
410 3759 586 3834 horrenda
604 3760 839 3833 calamitatum
864 3761 950 3834 serie
970 3760 1135 3832 luendum
1152 3758 1255 3832 luisse
1272 3759 1412 3862 videba-

152 3885 220 3947 tur.
233 3873 326 3969 Ergo
341 3872 529 3970 Sophocles
540 3874 609 3949 lere
620 3875 653 3947 in
667 3875 786 3972 primis
801 3877 916 3973 OEdipi
927 3875 1078 3972 Tyranni
1090 3874 1245 3949 versibus
1253 3875 1414 3971 expiatio·

152 4000 232 4060 nem
261 3986 410 4082 aliquam
433 3989 676 4084 perficiendam
692 4013 766 4064 esse
786 3991 964 4087 significat.
986 3984 1093 4064 Adest
1108 3991 1219 4065 Creon
1234 4015 1335 4088 quem
1353 4017 1411 4066 rex

88 4167 92 4175 .
151 4097 304 4196 Delphos
320 4100 459 4175 miserat
479 4100 521 4175 ab
542 4102 699 4200 Apolline
717 4128 793 4201 quae
815 4106 927 4181 morbi
943 4105 1065 4179 urbem
1084 4106 1292 4180 devastantis
1307 4129 1411 4182 eausa

151 4223 242 4291 esset
269 4214 521 4316 quaesiturum:
559 4219 695 4293 nuntiat
736 4220 955 4318 sacrilegium
988 4244 1056 4319 quo
1085 4221 1212 4295 Thebae
1245 4232 1410 4298 contactae

152 4345 295 4432 pereant
309 4333 382 4431 jam
402 4356 440 4406 ox
456 4334 588 4410 civitate
602 4337 797 4439 pellendum
817 4360 892 4412 esse
914 4365 922 4408 :
984 4400 986 4405 .

190 4469 288 4530 lussit
302 4477 411 4546 aperte
428 4484 559 4546 magnus
575 4471 685 4546 hpollo
702 4488 759 4532 nos
784 4471 923 4550 regionis
939 4482 1060 4550 pestem
1077 4470 1210 4552 (μίασμα)
1227 4489 1295 4550 quae
1315 4474 1411 4536 alitur

151 4569 183 4630 in
198 4569 256 4629 bac
272 4579 371 4641 terra,
388 4565 516 4645 exigere
532 4564 687 4648 (ἐλαύνειν).
701 4601 740 4613 -
755 4571 789 4630 V.
806 4571 846 4630 96
861 4586 908 4647 sq.

188 4745 222 4819 (ll
234 4746 289 4818 Ap.
306 4745 485 4809 Pausaniam,
498 4757 536 4811 tx,
551 4749 577 4813 5,
590 4749 622 4802 5:
636 4746 683 4802 Cl.
697 4744 868 4802 Pisandrum
882 4762 930 4817 ap.
947 4748 1041 4804 Schol.
1057 4747 1104 4804 ad.
1127 4736 1256 4820 Euripid
1269 4748 1409 4806 Phoeniss.

153 4851 184 4891 v.
208 4837 288 4903 ltoo,
305 4833 353 4890 ubi
367 4838 382 4907 ἣ
397 4837 527 4912 ruptone
542 4835 639 4908 OEdipi
652 4851 688 4892 ex
703 4835 759 4890 alio
775 4835 851 4890 sonte
866 4836 960 4894 additu
974 4836 1095 4895 videtur.
