3216 5408
178 517 237 569 rus
263 495 298 567 in
322 493 409 570 Orco
439 494 498 569 sed
523 495 603 568 sede
634 495 828 567 inamoena
855 493 981 568 versari
1017 491 1137 567 credit.
1170 491 1221 564 lle
1245 485 1435 584 aequalium

176 611 338 686 aerumnis
356 611 517 686 libentius
531 611 701 707 queritur.
716 610 918 708 AEgritudo,
937 610 1090 684 Homero
1105 609 1239 706 ignota,
1254 607 1288 678 in
1305 602 1435 702 poesim

176 728 427 824 invadit,atque
447 751 521 802 una
541 751 684 802 morum
702 727 899 802 observatio
921 726 1184 822 descriptioque.
1199 727 1278 819 lam
1294 745 1312 795 a
1327 719 1437 797 sensi·

177 845 242 920 bus
256 844 505 940 affectibusque
520 845 682 918 notandis
695 844 954 941 jucunditatem
987 841 1139 917 carmina
1170 842 1298 914 ducent
1326 859 1437 926 suam,

176 972 238 1034 aut
258 959 396 1036 erebus
414 961 652 1051 memorandis
665 960 875 1034 recentibus.
901 959 1091 1034 Homericae
1120 955 1231 1054 poesis
1249 977 1359 1029 savum
1399 961 1439 1025 ut

176 1074 345 1150 Hesiodus
378 1077 564 1167 concludit,
588 1077 635 1149 ita
660 1076 867 1173 sapientium
896 1099 1023 1172 agmen
1055 1075 1214 1173 princeps
1239 1071 1347 1162 ducit,
1378 1069 1436 1166 qui

177 1192 319 1289 propior
347 1192 466 1266 Soloni
493 1216 599 1290 quam
620 1194 784 1282 Homero,
805 1195 832 1267 si
847 1194 1152 1290 moresrespicias,
1175 1191 1299 1264 merito
1326 1188 1440 1262 videa·

73 1391 80 1420 .
175 1314 243 1380 tur.
252 1305 378 1382 Obiter
395 1307 554 1380 dicamus
571 1307 725 1404 primum
739 1309 783 1382 de
797 1310 833 1382 sc
852 1307 1044 1382 Hesiodum
1062 1307 1096 1380 in
1109 1304 1322 1381 carminibus
1336 1304 1435 1377 locu·

176 1429 249 1493 tum
269 1443 356 1509 esse,
379 1423 470 1517 quod
489 1433 611 1518 postea
630 1421 727 1516 vulgo
747 1421 875 1495 lactum
896 1437 948 1496 est
962 1421 1023 1519 (l).

222 1536 373 1627 delicet
402 1561 521 1611 rerum
553 1538 819 1635 carminumque
854 1561 961 1612 nouus
991 1549 1154 1612 nascatur
1191 1537 1289 1636 ordo,
1323 1535 1436 1632 cyclus

172 1664 288 1727 autem
314 1655 433 1751 apicus
464 1654 627 1751 pallidam
657 1667 791 1728 tantum
822 1655 998 1731 vetustatis
1023 1656 1172 1750 effigiem
1210 1653 1335 1729 referat
1360 1651 1433 1749 (d),

176 1767 309 1842 tabulas
328 1782 445 1844 tamen
460 1769 618 1866 antiquas
635 1770 687 1843 sni
702 1771 792 1866 juris
806 1770 880 1866 ipsa
899 1771 1002 1867 lyrica
1017 1769 1172 1844 carmina
1190 1769 1313 1842 fecere.
1331 1766 1436 1840 Stesi-

178 1883 327 1958 chorum
343 1897 378 1959 et
392 1886 583 1959 Pindarum
600 1887 740 1959 laudare
757 1885 839 1959 satis
853 1887 931 1976 erit,
948 1909 1095 1982 quorum
1114 1884 1219 1983 prior,
1242 1895 1280 1956 ut
1294 1906 1333 1956 ex
1350 1904 1434 1978 ope-

120 2017 121 2021 ’
174 2021 253 2070 rum
271 1998 376 2097 titulis
396 2011 551 2098 apparet,
574 2000 608 2073 in
631 1999 777 2073 heroicis
803 2000 1016 2096 argumentis
1045 2012 1197 2072 versatus
1233 1998 1434 2094 plerumque

174 2126 239 2190 est.
263 2117 387 2190 Verum
406 2118 589 2191 audiamus
603 2117 867 2206 Quintilianum,
880 2117 939 2213 qui
955 2118 996 2190 dc
1011 2115 1205 2190 Stesichoro
1219 2130 1320 2188 suum
1339 2114 1435 2208 judi-

178 2229 335 2322 ciumea,
354 2255 421 2328 qua
436 2234 536 2321 solet,
556 2232 740 2329 prudentia
759 2233 812 2306 his
825 2233 938 2306 verbis
957 2231 1125 2327 protulit:
1162 2257 1178 2299 a
1200 2229 1433 2317 Stesichorum

179 2373 197 2417 a
224 2371 328 2444 quam
344 2349 388 2422 sit
401 2349 541 2446 ingenio
560 2349 705 2436 validus,
725 2349 878 2422 materiae
895 2371 1031 2444 quoque
1049 2352 1251 2434 ostendunt,
1287 2349 1435 2420 maxima

180 2489 196 2533 r
225 2464 314 2538 bella
330 2476 366 2538 et
380 2464 587 2539 clarissimos
603 2476 785 2538 canentem
802 2464 926 2552 duces,
960 2474 994 2536 ct
1025 2463 1112 2560 epici
1144 2461 1306 2536 carminis
1329 2485 1435 2536 onera
1529 2495 1533 2502 ’

174 2605 192 2649 r
221 2581 291 2676 lyra
310 2581 536 2656 sustinentem
563 2581 612 2679 (3)
642 2608 672 2653 r.

221 2696 273 2769 lta
291 2698 435 2772 societas
465 2699 622 2794 quaedam
650 2699 739 2772 saeta
761 2712 812 2773 est
840 2699 927 2796 epici
948 2698 1111 2772 carminis
1136 2721 1176 2771 ac
1199 2697 1306 2794 lyrici,
1345 2699 1435 2773 unde

173 2814 422 2911 dithyrambus,
461 2829 538 2913 post
574 2818 742 2914 tragoedia
783 2817 839 2890 illa
865 2817 1014 2914 AEschyli
1055 2815 1217 2912 grandior
1250 2824 1283 2888 ct
1311 2840 1436 2890 canora

174 2930 307 3003 exstitit.
321 2932 374 3004 lta
387 2955 495 3028 quum
511 2933 584 3028 jam
595 2956 709 3007 mores
726 2933 979 3029 amplissimum
994 2933 1107 3006 locum
1123 2932 1157 3004 in
1174 2932 1265 3028 poesi
1281 2931 1435 3006 obtinere

173 3047 442 3136 consuevissent,
464 3049 696 3145 longinquitas
727 3049 922 3123 aeternari
943 3060 1123 3144 poetarum
1160 3048 1385 3122 reverentiam
1399 3048 1434 3120 in

174 3144 410 3260 antiquitatem
427 3178 594 3256 moveret,
620 3158 747 3239 lachim
768 3178 819 3240 cst
846 3178 882 3239 ut
900 3165 1080 3261 tragoedia,
1103 3187 1304 3264 nonnarum
1325 3175 1435 3261 gesta·

172 3303 251 3353 rum
264 3281 364 3376 copia
379 3282 485 3378 (qood
510 3282 614 3378 epicae
644 3283 848 3357 narrationis
871 3285 1050 3382 proprium
1075 3283 1150 3378 est),
1178 3284 1237 3355 sed
1257 3282 1434 3356 affectibus

173 3397 397 3494 moribusque
425 3398 647 3472 observandis
689 3400 901 3474 audientium
927 3401 1074 3497 gratiam
1101 3410 1296 3497 quaereret,
1333 3413 1436 3497 atque

120 3589 128 3603 ,
172 3513 302 3610 tabulas
328 3515 487 3610 antiquas
519 3516 559 3587 ad
601 3538 769 3589 novarum
800 3517 1193 3612 opinionumnovaequa
1230 3517 1436 3592 urbanitatis

172 3630 435 3705 similitudinem
449 3630 579 3704 sensim
601 3632 808 3706 traduceret.

221 3746 486 3821 Recentioribus
504 3769 583 3820 vero
611 3747 825 3843 temporibus
853 3747 977 3844 quibus
994 3749 1161 3845 tragoedia
1186 3749 1315 3835 floruit,
1338 3749 1437 3844 copia

115 3873 118 3879 ’
171 3860 353 3934 hominum
378 3862 559 3934 doctorum
600 3861 657 3957 qui
691 3862 959 3960 philosophiam,
995 3861 1187 3953 historiam,
1216 3863 1299 3937 alias
1341 3876 1434 3938 artes

171 3976 399 4073 scientiasque
433 3977 615 4068 callebant,
651 3979 815 4075 novisque
853 3979 1040 4074 disciplinis
1072 3980 1257 4053 multitudo
1300 4002 1436 4077 quoque

171 4090 306 4166 erudita
317 4102 351 4164 et
366 4090 441 4163 vitae
470 4090 650 4165 industriae
667 4092 906 4188 liberiorisque
930 4077 1336 4183 consuetudineexculta,
1366 4116 1434 4168 non

170 4207 292 4283 iisdem
309 4207 467 4282 sensibus
490 4219 595 4304 atque
618 4210 757 4284 credula
787 4208 999 4305 antiquitatis
1024 4209 1164 4305 ingenia
1180 4233 1233 4283 res
1264 4209 1436 4284 fabulosas
1563 4238 1565 4242 ·

204 4476 238 4543 (lt
256 4473 303 4529 cl.
323 4475 421 4538 Grote,
440 4475 520 4531 Hist.
537 4493 623 4549 praec.
642 4490 671 4548 1,
687 4494 716 4532 c.
736 4477 769 4543 Q
791 4494 821 4545 v,
839 4491 867 4531 c.
888 4479 934 4544 11;
951 4491 1027 4530 vera.
1048 4477 1152 4534 Gallio.

204 4564 238 4634 {2}
251 4565 294 4618 De
308 4565 386 4635 cyclo
401 4568 480 4636 epico
501 4583 528 4624 v.
546 4567 621 4622 och.
657 4568 786 4622 Mueller}
801 4565 880 4621 Hist.
894 4582 981 4639 praec.
1003 4564 1062 4620 titt.
1078 4579 1103 4632 1,
1129 4582 1157 4622 c.
1176 4571 1203 4635 6,
1228 4582 1304 4621 vers
1328 4552 1433 4622 Gallrc.
1548 4578 1551 4583 ·

169 4656 198 4706 et
213 4654 311 4718 Grote,
326 4669 379 4723 op.
402 4653 486 4710 laud.
504 4668 548 4720 111,
565 4671 596 4725 p.
617 4657 697 4709 3-12.
1359 4697 1361 4702 -

206 4742 240 4812 13)
257 4743 432 4805 Quintilian.
455 4758 487 4810 x,
507 4747 535 4800 l.
554 4745 600 4800 Cf.
617 4746 715 4809 Grote,
735 4761 783 4815 op.
803 4743 881 4800 laud.
904 4757 939 4808 v,
956 4759 987 4815 p.
1006 4745 1073 4809 355;
1091 4743 1266 4807 Muellerum,
1283 4759 1331 4814 op.
1354 4742 1433 4798 laud.

170 4845 200 4900 tt,
218 4848 250 4902 p.
269 4834 411 4900 las-159,
434 4836 522 4899 Mure,
542 4832 665 4906 Historp
680 4834 716 4903 of
730 4832 855 4889 Greeitm
871 4832 1020 4890 literature
1038 4846 1080 4900 111,
1101 4834 1121 4888 l.
1142 4845 1183 4901 tv,
1200 4848 1228 4888 c.
1248 4835 1277 4887 l.
