3216 5408
170 542 352 620 Postremo
366 567 384 619 e
400 545 491 622 Foro
510 555 612 645 atque
623 547 760 645 judiciis
785 548 821 621 in
843 558 953 623 totam
968 534 1172 642 tragoediam
1194 547 1335 624 defluxit
1352 572 1429 626 ora-

172 667 248 733 tora
263 660 422 756 quaedam
441 662 574 737 vafritia
587 674 622 738 et
638 663 828 738 rhetorices
848 660 1032 760 argutioris
1048 685 1142 736 usus.
1172 697 1175 703 v
1514 657 1517 663 ’

220 773 423 872 Singularis,
445 788 484 851 ut
498 777 545 852 ita
564 778 690 870 dicam,
708 788 741 853 et
755 777 876 852 unicus
910 777 1041 852 fructus
1066 764 1307 853 democraticae
1325 779 1429 855 disci·

171 887 272 984 plinae
285 890 417 965 videtur
435 893 548 968 Homo
563 916 684 987 novus,
705 895 756 967 vir
773 894 875 968 nullis
890 893 971 986 avis,
997 894 1070 968 sine
1090 894 1242 986 nomine,
1270 893 1329 992 qui
1358 896 1429 971 suis

171 1004 305 1100 opibus,
320 1005 650 1101 virtute,'industria,
666 1010 808 1108 egregie
824 1005 866 1084 de
881 1009 991 1107 patria
1014 1010 1179 1085 merendo
1213 1009 1346 1084 clarum
1361 1010 1445 1089 sibi.

170 1117 388 1196 locuminter
407 1123 495 1198 cives
522 1144 633 1221 parat,
662 1127 772 1221 gratia
801 1128 894 1223 apud
928 1126 1186 1201 multitudinem
1223 1125 1360 1223 pollet,
1394 1137 1429 1202 et

70 1252 72 1257 ’
171 1249 352 1336 postquam
368 1241 513 1315 summis
528 1241 716 1317 honoribus
737 1253 881 1317 ornatus
896 1253 948 1318 est
969 1266 1132 1340 magnam
1163 1241 1366 1340 dignitatem
1387 1266 1429 1319 ao

170 1353 319 1446 laudem,
350 1355 582 1451 justissimum
614 1357 739 1432 laboris
767 1357 969 1455 praemium,
1005 1357 1239 1455 consequitur.
1267 1399 1313 1412 -
1341 1357 1427 1433 Mihi

169 1469 448 1547 videturnomine
462 1473 643 1571 OEdipodis
658 1473 841 1549 Hominem
854 1497 982 1549 novum
1001 1497 1021 1548 a
1039 1474 1428 1571 Sophocleexpressum
1488 1543 1489 1547 ,

170 1605 243 1659 esse
261 1586 330 1682 qui,
344 1588 520 1662 vetustatis
546 1588 656 1663 fallaci
669 1599 793 1691 ornatu
808 1592 971 1678 detracto,
989 1590 1098 1688 ipsius
1123 1589 1271 1684 auctoris
1287 1591 1428 1697 aequalis

169 1714 385 1796 agnoscatur.
413 1704 501 1778 Rem
533 1703 779 1802 investigemus
803 1705 998 1804 diligentius
1023 1716 1360 1803 pertractemusque.
1381 1750 1429 1764 -

169 1815 316 1912 OEdipus
335 1811 422 1893 sorte
447 1820 594 1917 quadam
615 1819 750 1894 Thebas
769 1833 909 1895 venerat
932 1821 1048 1919 ibique
1067 1821 1203 1918 egregie
1218 1821 1260 1896 de
1294 1821 1429 1898 civitate
1516 1820 1520 1826 ’

169 1944 341 2006 meruerat
357 1933 539 2030 aenigmate
558 1934 729 2032 Sphyngis
743 1934 989 2009 crudelissimae
1004 1936 1140 2011 soluto:
1160 1935 1319 2023 acumine
1348 1936 1425 2033 qui-

169 2046 247 2122 dem
262 2051 387 2146 ingenii
406 2052 512 2125 finem
531 2050 778 2125 Thebanorum
793 2051 937 2126 miseriis
957 2054 1095 2127 fecerat.
1111 2053 1232 2150 ltaque
1245 2050 1289 2126 ab
1303 2051 1425 2127 incolis

169 2163 325 2240 beneficii
340 2169 450 2263 gratia
464 2191 520 2242 rex
549 2180 683 2242 creatus
717 2180 769 2242 est
803 2168 1057 2267 conjugemque
1090 2170 1224 2267 accepit
1249 2169 1430 2276 toeasten,

168 2278 233 2353 loci
259 2281 415 2378 reginam
433 2308 440 2354 :
461 2283 510 2356 sic
524 2282 654 2378 optime
672 2295 772 2378 parto
790 2283 937 2380 imperio
957 2284 1096 2373 fruitur,
1118 2281 1425 2379 communipopuli

168 2395 279 2471 lavore
296 2412 418 2474 auctus
429 2422 573 2496 remque
587 2390 760 2496 publicam
775 2399 869 2474 nullo
887 2399 1065 2474 obnitente
1080 2398 1310 2474 administrat.
1325 2398 1427 2475 Nunc
1498 2431 1499 2435 ¹

168 2524 414 2610 praetereamus
433 2538 570 2613 eaquae
584 2515 620 2589 in
639 2514 757 2589 sabula
775 2515 819 2590 ad
843 2526 977 2612 pestem
994 2538 1070 2613 quae
1087 2513 1260 2591 Thebanis
1277 2515 1321 2590 ob
1353 2514 1428 2590 Laii

169 2628 295 2717 caedem
313 2630 459 2704 inultam
486 2629 629 2727 ingruit,
660 2629 863 2727 pertinent:
891 2629 935 2704 ad
968 2631 1083 2705 locum
1111 2653 1339 2727 properemus
1365 2629 1428 2704 ubi
1492 2705 1495 2710 .

168 2752 348 2821 nuntiatur
362 2747 523 2844 OEdipodi
548 2747 764 2822 Corinthium
777 2748 878 2822 illum
905 2748 1076 2846 Polybum
1093 2759 1243 2824 mortem
1266 2747 1428 2823 obiissea

135 2923 138 2929 .
169 2888 236 2962 quo
255 2887 291 2938 se
308 2864 461 2958 genitum
477 2865 631 2962 putabat.
645 2863 802 2939 Corinthi
821 2864 965 2962 OEdipus
976 2864 1081 2938 vitam
1096 2865 1226 2962 agitare
1238 2889 1309 2940 non
1323 2886 1427 2939 ausus

79 2992 130 3119 ο
169 2993 255 3069 erat,
272 2981 353 3078 quia
369 2981 493 3054 Phoebi
522 2980 661 3055 oraculo
675 2979 945 3055 edoctusfuerat
960 2979 1025 3053 sibi
1044 2989 1179 3077 patrem
1198 2979 1426 3054 occidendum

169 3111 385 3195 matremque
416 3098 611 3192 ducendam
639 3120 725 3171 esse.
760 3097 911 3193 Peregre
945 3118 981 3171 se
1014 3094 1176 3170 credebat
1209 3095 1427 3169 habitantem

169 3229 330 3292 neutrum
363 3213 494 3288 lacinus
527 3236 625 3306 posse
658 3213 850 3287 admittere.
888 3212 956 3286 Ubi
984 3235 1062 3287 vero
1096 3212 1256 3308 cognovit
1292 3200 1428 3308 patrem

168 3346 300 3409 naturae
313 3331 525 3420 satisfecisse,
542 3351 670 3424 magna
683 3351 764 3401 cura
793 3339 828 3402 et
853 3327 1083 3403 sollicitudine
1103 3325 1220 3401 statim
1236 3325 1427 3416 liberatur,

103 3463 108 3472 ·
168 3471 276 3547 quum
298 3446 436 3520 irritum
466 3444 646 3520 oraculum
676 3443 839 3518 cecidisse
866 3443 1049 3518 existimet.
1079 3443 1144 3516 Sed
1173 3443 1293 3518 subest
1324 3445 1432 3516 altera
1553 3448 1556 3453 ’

47 3608 49 3612 >
168 3562 362 3640 formidinis
374 3583 495 3647 eausa,
510 3551 618 3657 quum
636 3570 781 3633 matrem
796 3557 862 3631 sibi
882 3558 1114 3650 ducendama
1134 3557 1206 3632 Deo
1236 3555 1427 3631 audiverit:

168 3677 340 3776 parricidii
361 3689 455 3752 metu
471 3698 591 3750 carens
612 3682 730 3747 tamen
748 3672 870 3746 nefarii
882 3673 1036 3747 incestus
1052 3671 1198 3746 horrore
1226 3691 1336 3767 usque
1355 3677 1432 3741 tur-

168 3795 284 3870 batur.
304 3793 344 3866 Ei
376 3791 433 3889 qui
458 3789 622 3864 nuntium
657 3787 783 3878 attulit,
812 3810 889 3882 quae
920 3808 1024 3860 causa
1050 3794 1205 3859 mentem
1239 3781 1432 3880 inquietam

169 3911 283 4002 saciat,
303 3910 427 3984 latetur
447 3933 455 3978 :
475 3905 504 3980 is
515 3915 631 3978 autem
650 3902 907 3999 aperitnullum
921 3901 995 3999 jam
1010 3896 1433 3997 OEdipodihujustimoris

168 4032 284 4103 locum
313 4045 515 4125 superesse,
546 4043 654 4118 quum
678 4018 822 4094 minime
845 4030 1016 4118 'parentes
1054 4013 1216 4091 habuerit
1257 4011 1433 4110 Polybum

167 4143 412 4240 Meropenque,
431 4123 591 4236 aquibus
606 4159 677 4210 nou
698 4135 847 4231 genitae,
869 4134 930 4211 sed
946 4133 1131 4232 adoptatus
1152 4138 1241 4202 esset
1254 4148 1329 4241 pro
1345 4125 1429 4200 filio.

169 4261 247 4359 lpse
266 4257 320 4334 ille
339 4256 397 4356 qui
415 4253 566 4353 loquitur
580 4255 617 4324 in
637 4245 840 4327 Cithaeronis
860 4248 1005 4327 saltibus
1018 4247 1184 4322 iulantem
1201 4242 1395 4340 expositum
1412 4264 1442 4322 a,

148 4388 308 4474 ‘pastore
323 4372 475 4471 quodam
505 4368 597 4466 regis
631 4365 703 4441 Laii
723 4377 907 4464 acceperat
924 4377 959 4440 et
987 4361 1181 4438 abstulerat
1209 4357 1431 4432 Corinthum.

169 4491 257 4566 'lum
277 4488 426 4565 maxime
464 4484 612 4583 OEdipus
644 4483 821 4559 alacasta
856 4480 1004 4583 petierat
1032 4491 1072 4553 ut
1097 4476 1190 4551 idem
1218 4471 1290 4547 Laii
1317 4481 1435 4567 pastor

169 4617 402 4683 arcesseretur
424 4604 516 4701 quod
549 4602 643 4678 solus
673 4621 691 4672 e
719 4598 825 4674 servis
859 4597 918 4698 qui
944 4617 1066 4692 regem
1094 4592 1130 4666 in
1162 4587 1285 4664 ultimo
1312 4584 1437 4660 itinere
1529 4672 1532 4678 ,

171 4720 445 4812 comitabantur,
466 4726 674 4815 superesset.
697 4713 832 4818 Regina
848 4723 969 4791 autem
988 4733 1065 4807 quae
1079 4705 1196 4782 omnia
1216 4701 1336 4794 audiit,
1354 4701 1436 4774 hor·
1513 4791 1516 4796 Ι

170 4838 316 4916 rendam
329 4834 506 4913 veritatem
518 4832 727 4934 cognoscit:
764 4841 846 4908 ante
874 4817 998 4910 oculos
1030 4830 1130 4906 adast
1159 4822 1253 4898 idem
1283 4819 1374 4895 filius
1401 4828 1437 4896 ot
