3150 5400
677 383 872 457 ...19-

65 523 75 542 ·
146 509 296 604 phorum
315 510 490 586 doctrinis·
508 506 651 611 ipsaque
669 515 895 590 diuturnitate
908 516 1098 614 perlectum
1119 527 1209 591 esset
1221 517 1270 591 uti
1280 516 1402 592 rhomi-

146 647 207 698 nes
235 626 279 699 ab
307 627 446 724 antiqua
492 630 655 726 religione
688 632 927 726 deflexissent,
970 633 1073 708 iidem
1103 645 1217 708 tamen
1252 633 1321 708 sere
1361 632 1406 706 dii

56 731 61 753 '
146 741 533 842 colebanturquibusin
546 743 728 846 propatulo
740 748 1143 825 oiiioiaoaerimoniarum
1158 750 1407 848 pendebantur,

145 880 216 933 non
230 860 379 933 multum
398 884 419 934 a
439 861 550 958 prison
570 865 1063 940 eonsuetudineabborrentia.

194 975 395 1053 Divinarum
415 980 554 1077 quidem
572 1006 688 1058 rerum
709 1006 805 1074 eura,
825 983 854 1058 si
871 984 960 1060 bene
983 985 1156 1083 inspicias,
1176 995 1277 1058 aucta
1293 983 1406 1081 potius

146 1112 250 1192 quam
277 1091 460 1169 imminuta
490 1096 654 1170 videatur.
681 1098 817 1196 Religio
844 1120 969 1196 nempe
985 1098 1028 1173 ad
1049 1122 1162 1174 mores
1183 1098 1405 1195 corrigendos

146 1204 257 1300 magis
276 1205 310 1279 in
341 1206 412 1282 dies
435 1196 638 1305 pertinebat,
669 1211 760 1286 unde
778 1213 881 1286 etiam
912 1213 1077 1310 majorem
1102 1215 1193 1309 apud
1224 1213 1405 1308 plerosque

146 1322 385 1400 auctoritatem
405 1325 470 1400 sibi
486 1326 641 1422 parabat.
895 1330 898 1341 l

194 1436 436 1515 Permanserat
461 1441 565 1516 etiam
591 1442 764 1517 incolume
786 1443 884 1518 triste
902 1444 986 1518 illud
1010 1443 1210 1548 institutum
1235 1443 1407 1531 servitus,

147 1574 344 1651 quanquam
364 1556 511 1633 conditio
544 1582 720 1634 servorum
746 1560 837 1655 apud
856 1560 1086 1636 Athenienses
1113 1560 1287 1658 aliquanto
1303 1582 1405 1657 quam

130 1664 232 1742 ¹alibi
253 1671 375 1747 melior
390 1673 464 1749 fuit.
712 1764 716 1770 ι
771 1767 773 1772 ,

197 1784 293 1862 Adde
307 1811 504 1864 sermonem
524 1792 687 1887 patrium,
707 1791 885 1866 notissima
909 1793 1057 1881 heroum
1076 1792 1216 1867 nomina
1235 1793 1403 1888 laetaque,

144 1905 291 2002 jactatas
311 1905 532 2002 cognationes
562 1907 769 2004 optimatum
789 1931 866 1982 oum
897 1907 1046 2005 antiquis
1065 1908 1215 2003 regibus,
1242 1907 1317 1982 loca
1334 1906 1409 2002 ipsa
1507 1947 1510 1951 ·

149 2023 208 2097 ubi
229 2046 282 2098 res
316 2035 501 2121 agerentur
530 2023 639 2099 vicina
666 2023 920 2122 celebrataque,
945 2025 1055 2098 multa
1080 2023 1143 2097 alia
1161 2046 1236 2120 quae
1253 2022 1408 2118 gentiles,

148 2151 187 2213 ut
204 2139 253 2220 ita
271 2139 397 2231 dicam,
417 2139 551 2215 Graecas
576 2140 759 2235 tragoedias
779 2140 944 2229 lacerent,
964 2161 1029 2212 nec
1050 2137 1175 2230 infitias
1191 2137 1255 2210 ibis
1274 2137 1407 2234 Sopho·

58 2276 60 2278 ·
93 2348 97 2354 .
149 2257 237 2330 olem
265 2281 335 2330 non
372 2258 486 2332 nribus
522 2282 561 2332 ex
590 2280 705 2333 rerum
723 2268 847 2330 natura
867 2270 900 2331 et
919 2257 1067 2353 quadam
1085 2255 1287 2329 necessitate
1303 2269 1406 2350 qnam

149 2370 322 2467 diligentis
357 2372 558 2446 imitationis
589 2395 670 2446 oura
703 2370 879 2444 vetustatis
920 2369 1107 2465 imaginem
1150 2368 1262 2465 prima
1295 2370 1407 2464 specie

148 2486 357 2562 simillimam
395 2488 665 2563 adumbravisse:
712 2488 771 2561 sed
809 2510 902 2576 eum,
932 2487 1040 2559 multa
1074 2486 1116 2560 de
1150 2507 1211 2558 sua
1241 2497 1341 2559 aetate
1364 2487 1408 2558 ad
1462 2518 1465 2523 ·

148 2614 351 2678 vetustatem
365 2605 616 2690 transferendo,
650 2626 729 2678 reor
757 2603 892 2678 sabulas'
909 2601 1067 2699 antiquas
1093 2602 1186 2676 novis
1206 2601 1361 2676 moribus
1375 2612 1409 2676 et

149 2717 366 2813 opinionibus
405 2709 798 2818 saepe'oommisouisse3
826 2718 860 2791 in
887 2741 954 2815 quo
979 2740 1074 2792 'sane
1104 2717 1315 2792 admirabilis
1341 2740 1407 2811 vars

149 2835 277 2931 egregii
294 2848 405 2931 poetae
415 2849 558 2933 apparet
568 2836 624 2932 qui
640 2861 658 2911 e
676 2837 809 2908 naturis
821 2833 959 2907 diversis
973 2855 1014 2905 ao
1029 2832 1251 2907 dissimilibus
1263 2848 1404 2929 eorpus,

149 2960 188 3021 ut
201 2948 249 3022 ita
265 2950 390 3045 dicam,
404 2964 483 3050 apte
493 2954 668 3037 cohaerens
683 2951 854 3046 vitamque
865 2959 899 3022 et
912 2948 1089 3023 veritatem
1108 2948 1241 3045 spirans
1255 2947 1405 3023 formare

149 3065 312 3169 potuqrit.
