3216 5408
150 520 306 615 exemplo
336 522 470 597 animos
503 524 651 599 ollensos
686 523 801 609 fuisse.
834 525 884 600 Ea
900 533 1016 600 autem
1044 516 1118 619 quae
1136 521 1170 596 in
1192 525 1320 613 eodem,
1331 526 1406 601 loco
1516 584 1517 589 ,

150 639 596 733 sequnturhtheniensib‘us
611 641 711 716 eredo
730 665 800 716 non
828 642 943 716 minus
972 638 1205 735 displicuisse.¹
1230 641 1409 718 Thersites

149 753 242 829 enim
256 754 314 850 qui
333 757 499 834 exercitus
530 758 707 855 querelam
735 757 818 832 satis
834 756 961 832 diserte
973 757 1242 854 exprompsisset
1260 757 1410 854 graviter

69 935 72 939 ,
149 867 295 943 avaritiae
308 871 578 968 Agamemnonis
595 895 814 965 succensam,
830 873 874 948 ab
891 873 1020 971 ¹Ulysse
1036 873 1127 946 male
1146 872 1351 975 mulctatur,
1373 885 1407 950 et
1424 858 1427 864 ’
1466 955 1468 958 ,

149 982 302 1082 sceptro‘
319 989 516 1064 verberatus
546 990 641 1065 sedet
678 989 782 1065 silens
821 989 1049 1087 lacrymisque
1082 987 1247 1064 suffusus.
1278 989 1408 1082 Graeci,
1493 1011 1498 1023 ·

124 1122 345 1198 quanquam
368 1092 572 1201 aegritudine
603 1104 762 1195 conlecti,
791 1105 934 1180 laudare
963 1103 1094 1201 Ulyssis
1122 1103 1263 1194 sactum,
1298 1105 1408 1182 ridere

149 1215 314 1292 miserum
338 1219 605 1350 liberioremque
633 1231 820 1295 oratorem.
854 1218 989 1294 Certe
980 1242 1008 1293 ts
1040 1219 1173 1317 primus
1205 1219 1407 1319 deotopoyos

106 1333 272 1449 exstitit
274 1336 395 1434 ‚cujus
415 1337 595 1412 verisimile
629 1349 682 1417 est
711 1336 891 1412 audaciam
908 1334 1107 1433 Triginta
1077 1357 1232 1410 urorum
1246 1336 1409 1411 domina·

106 1396 276 1525 tionem
289 1453 543 1550 expertisvalde
561 1454 745 1552 probatam
762 1453 881 1528 luisse.

56 1571 58 1574 ’
196 1566 300 1643 Hac
291 1592 326 1642 tn
347 1570 511 1645 concione
532 1593 608 1667 quae
630 1570 723 1668 apud
737 1569 966 1644 Homerum
953 1598 1043 1656 αγορα
1026 1567 1200 1658 edicitur,
1219 1590 1317 1664 reges
1337 1591 1407 1643 non

148 1682 302 1780 plebeios
316 1685 513 1782 opinionem
528 1708 627 1761 suam
647 1685 831 1783 rogabant,
856 1683 952 1759 sed
942 1683 1007 1782 ipsi
1039 1692 1173 1759 sentent
1173 1682 1242 1758 iam
1257 1683 1408 1784 prosere·
1510 1737 1513 1741 ‚

119 1867 125 1879 .
147 1796 243 1890 bant,
266 1801 319 1874 cui
338 1823 458 1875 omnes
474 1823 596 1897 parere
611 1823 753 1876 necesse
771 1812 858 1876 erat.

196 1915 284 1990 Satis
299 1916 545 1991 confirmatum
571 1917 701 1991 nullam
730 1914 871 1990 heroica
893 1924 993 1990 aetate
1011 1914 1186 2012 publicam
1211 1914 1407 1991 libertatern

146 2033 264 2107 luisse:
283 2033 325 2107 ad
344 2052 458 2108 mores
476 2031 654 2107 veniamus
667 2032 726 2161 qui
744 2054 842 2130 aequo
863 2030 1063 2107 discrimine
1077 2054 1097 2105 a
1110 2042 1202 2106 statu
1217 2032 1408 2119 recentiore

147 2148 296 2241 Graeciae,
312 2148 547 2225 Athenarum
538 2173 574 2222 m
591 2148 726 2258 primis,
750 2161 979 2223 secernuntur
998 2169 1038 2223 ao
1043 2146 1233 2223 differunt.

194 2266 384 2363 Postquam
397 2250 650 2363 jucunditatem
675 2265 769 2340 illam
788 2263 983 2340 carminum
1002 2243 1223 2361 antiquorum
1246 2275 1280 2340 et
1301 2263 1408 2340 Musae

147 2381 249 2478 epioae
265 2383 382 2458 dulces
396 2381 575 2459 illecebras
590 2381 765 2456 contentio
783 2379 1001 2478 cogitationis
1021 2380 1147 2479 repulit
1163 2402 1204 2455 ac
1222 2380 1407 2479 dissipavit,

147 2510 226 2574 ante
237 2500 375 2596 v-oculos
392 2498 520 2574 tristior
533 2498 696 2572 humanae
711 2495 918 2573 conditionis
941 2495 1056 2593 imago
1073 2506 1242 2585 versatur,
1259 2518 1323 2570 nec
1333 2496 1407 2593 jam

146 2613 211 2690 illis
230 2614 387 2691 assentiri
402 2626 499 2712 potes
517 2614 576 2712 qui
604 2613 827 2689 Homericam
859 2613 1048 2710 quamdam
1075 2611 1303 2710 disciplinam,
1332 2612 1408 2687 vitae

148 2731 362 2836 magistram,
383 2741 421 2805 ut
438 2730 501 2804 luit
528 2743 648 2827 postea
664 2728 896 2826 philosophia,
913 2726 1078 2815 admirati¹
1093 2738 1173 2802 sunt
1190 2751 1230 2802 ac
1242 2727 1408 2826 praedica·

147 2869 236 2922 vere.
259 2849 335 2922 lmo
353 2869 415 2922 uox
436 2847 612 2923 horrenda
627 2845 692 2921 ista
714 2871 731 2916 c
754 2846 860 2946 homo
881 2843 1014 2918 homini
1030 2843 1165 2939 lupus»
1186 2843 1228 2917 iis
1243 2842 1408 2942 tempori·

64 3038 67 3044 .
147 2963 399 3040 busverissima
411 2965 543 3040 videtur
561 2964 677 3055 luisse,
696 2985 804 3061 quum
817 2962 971 3037 lortunas
988 2970 1048 3036 aut
1061 2982 1208 3058 corpora
1222 2960 1318 3035 nulla
1337 2960 1408 3064 lere

114 3082 341 3176 ,communis
360 3082 477 3180 legum
504 3081 649 3158 societas
668 3079 866 3155 defenderet
891 3101 932 3153 ac
959 3085 1142 3152 tutaretur.
1165 3076 1258 3150 Bene
1274 3076 1408 3173 Thucy·

148 3199 241 3275 dides
275 3201 318 3275 de
348 3197 468 3274 Graeca
497 3209 667 3274 vetustate
680 3195 846 3294 judicavit
873 3194 947 3291 ejus
962 3216 1077 3294 mores
1093 3215 1171 3268 cum
1204 3191 1406 3291 praedonum

147 3316 257 3391 solnta
278 3316 416 3391 licentia
438 3314 656 3391 conferendo.
691 3311 793 3386 Nulla
818 3310 909 3384 inter
934 3309 1060 3384 vicinas
1077 3320 1195 3406 gentes
1215 3319 1276 3382 aut-
1303 3306 1407 3380 urbes

146 3431 247 3506 firma
271 3455 336 3528 pax
363 3431 552 3508 colebatur.
584 3427 800 3522 Quicumque
821 3449 880 3500 rex
897 3424 989 3523 apud
1010 3423 1177 3498 finitimos
1205 3421 1357 3519 opimam
1371 3443 1408 3495 se

148 3549 297 3646 praedam
314 3560 519 3646 paraturum
543 3544 715 3643 sperabat,
733 3541 827 3616 nullo
846 3540 992 3615 honesto
1012 3539 1154 3614 nomine
1176 3537 1294 3626 allato,
1314 3534 1410 3611 nulla

148 3665 189 3740 de
217 3688 320 3741 cansa
346 3677 407 3740 aut
422 3663 535 3763 specie
553 3661 683 3745 bellum
703 3658 738 3732 in
753 3657 910 3733 incautos
923 3655 1211 3753 inopinantesque
1228 3650 1409 3744 inferebat,

147 3805 197 3874 ac,
212 3783 240 3856 si
261 3805 317 3858 res
347 3781 436 3857 bene
455 3775 686 3868 successisset,
717 3774 811 3848 seror
842 3774 996 3871 praedam
1024 3769 1148 3868 agebat
1175 3766 1410 3865 rapiebatque,

147 3921 211 3974 nec
234 3897 323 3995 juris
353 3897 541 3996 quidquam
581 3916 602 3967 a
628 3890 860 3978 seriolatum
895 3911 969 3966 esse
1000 3886 1253 3962 arbitrabatur.
1292 3883 1349 3962 lta
1374 3881 1408 3953 in

147 4013 297 4112 Odyssea
314 4012 469 4089 ridemus
486 4009 676 4109 sapientem
704 4008 802 4084 illum
827 4006 986 4106 Ulyssem
1003 4023 1223 4102 quocumque
1252 3996 1407 4096 appellit,

145 4142 254 4207 terras
272 4140 417 4219 vastare,
436 4149 561 4257 pecora
575 4125 773 4216 abducere;
796 4121 990 4199 Achillem
981 4145 1018 4194 ιιι
1036 4118 1142 4195 Iliade
1156 4118 1259 4215 longe
1276 4115 1411 4210 lateque

146 4246 302 4347 praedari.
337 4245 455 4333 Quid!
494 4243 568 4341 ipse
598 4225 681 4318 dum
715 4240 853 4338 Ulysses
881 4263 901 4314 a
929 4236 1040 4335 patria
1067 4236 1176 4326 abest,
1195 4255 1281 4308 num
1317 4226 1412 4327 proci

145 4367 304 4442 dubitant
317 4367 462 4441 domum
475 4361 578 4461 regis,
596 4360 700 4434 invito
717 4341 923 4434 Telemacho
941 4367 976 4429 et
1002 4353 1208 4451 indignante
1221 4348 1410 4474 Penelope,

146 4505 328 4582 occupare,
345 4503 464 4557 rerum
484 4478 641 4554 omnium
673 4499 739 4568 usu
770 4472 905 4572 potiri‘l
924 4471 997 4547 Nec
1017 4483 1135 4546 tamen
1156 4468 1340 4566 quisquam
1353 4460 1412 4558 y'u-

144 4625 270 4678 venum
287 4599 465 4676 audaciam
484 4586 720 4694 reprehendit,
749 4604 808 4667 aut
825 4590 968 4690 injurias
995 4612 1086 4688 aegre
1104 4584 1225 4663 seren
1201 4597 1227 4660 1
1254 4583 1412 4659 Telema-

147 4721 211 4796 cho
225 4717 375 4817 aliquam
389 4739 491 4816 opem
506 4713 645 4812 praebet.
663 4712 756 4786 Dura
781 4733 906 4809 nempe
918 4719 952 4785 et
965 4707 1115 4809 agrestia
1130 4699 1268 4801 ingenia
1283 4693 1413 4796 Ulyssis
1469 4760 1472 4766 ,

148 4839 257 4916 lilium
273 4838 448 4928 deserunt,
464 4843 584 4980 utpote
614 4850 717 4928 quem
743 4837 842 4904 aetate
866 4827 1026 4904 nondum
1049 4822 1181 4915 adulta,
1200 4816 1365 4894 fratribus
1378 4820 1414 4886 et
