3216 5408
713 391 906 469 ..17-

181 527 386 626 Sophoclem
404 527 439 600 in
473 526 595 601 fabulis
627 524 809 621 pristinam
836 545 972 598 morum
1003 523 1182 597 veritatem
1210 531 1434 629 consecutum

179 666 367 742 essequam
383 642 579 718 Cornelium
611 639 861 736 Raciniumque
880 639 1054 713 Romanas
1072 651 1128 714 res
1148 638 1325 721 Graecasve
1341 647 1433 711 trac·

178 775 306 838 tantos:
323 785 378 836 res
388 784 515 858 nempe
533 774 567 837 et
588 782 752 859 personas
786 781 825 832 ex
843 768 953 853 parte,
969 765 1007 830 ut
1020 756 1206 845 1101100111,ι
1220 755 1272 830 sui
1288 754 1435 854 equales

178 879 212 952 in
232 901 371 954 scenam
385 878 584 954 inducebat.
1166 878 1168 883 ’
1252 879 1255 887 ’

225 995 287 1069 Vix
302 1018 388 1093 opus
398 1006 451 1071 est
463 997 577 1071 dicere
590 993 747 1069 Graecam
764 1003 903 1088 gentem
919 992 963 1067 ab
971 992 1122 1067 Homero
1132 993 1175 1066 ad
1195 991 1436 1067 Demosthenis

176 1122 313 1187 aetatem
329 1136 399 1189 non
417 1125 640 1188 externorum
660 1108 855 1208 adjectione
869 1110 1079 1208 populorum
1098 1121 1236 1184 auctam
1253 1132 1337 1198 esse,
1356 1130 1434 1182 raro
1508 1203 1512 1211 1

177 1223 286 1302 alieno
315 1251 356 1302 ex
381 1228 547 1325 sauguine
581 1225 826 1317 commixtam,
852 1224 910 1299 sed
927 1224 1068 1321 antiqua
1082 1248 1120 1300 ex
1147 1224 1253 1321 stirpe
1266 1223 1435 1298 sinceram
1479 1289 1482 1295 .

90 1427 92 1431 ,
179 1363 371 1440 puramque
397 1345 441 1418 ad
468 1353 603 1418 tantum
650 1343 904 1418 incrementum
936 1340 1136 1416 adolevisse.
1169 1339 1303 1437 Integer
1333 1339 1436 1435 igitur

178 1456 342 1532 remansit
373 1459 468 1533 color
498 1458 638 1555 quidam
672 1458 830 1556 proprius
859 1455 969 1556 gentis
1007 1479 1109 1553 quem
1142 1455 1303 1530 inomni
1334 1477 1437 1551 opere

178 1593 288 1669 010000
312 1573 409 1648 100110
443 1572 675 1672 agnoscimus
702 1574 779 1648 lam
806 1575 856 1648 vel
883 1573 918 1646 in
937 1570 1142 1644 humaniore
1158 1569 1299 1644 Periclis
1319 1569 1434 1644 seculo

177 1698 247 1761 non
259 1710 368 1785 pauca
378 1683 535 1787 elempla
546 1688 698 1786 reperias
709 1689 932 1787 antiquorum
946 1709 1098 1776 morum,
1114 1685 1254 1759 feritatis
1268 1685 1303 1759 in
1315 1685 1436 1782 primis

177 1804 825 1903 0011111100.11011000011001110110
844 1801 1031 1878 inimicitiis
1051 1823 1126 1898 quae
1143 1800 1277 1899 legibus
1298 1823 1436 1876 coerce·
1489 1885 1493 1894 ,
1563 1815 1567 1823 ·

146 1912 151 1927 “
177 1919 306 1995 bantur
328 1944 368 1997 ac
397 1921 566 1997 seditiosis
591 1922 693 1996 modo
723 1919 938 2018 temporibus
962 1917 998 1991 in
1014 1917 1164 1992 10010010
1184 1917 1434 2016 01001001)οη1;

178 2037 237 2110 sed
249 2036 485 2136 Thucydidem
499 2036 624 2135 legenti
642 2037 726 2110 mihi
744 2060 832 2136 saepe
847 2035 995 2112 occurrit
1009 2028 1149 2108 urbium
1166 2033 1437 2111 dissensionibus

177 2149 392 2228 immanitate
409 2154 518 2253 plenis
538 2155 611 2230 vice
631 2154 781 2252 quadam
802 2165 983 2252 pensatam
1003 2175 1077 2228 esse
1101 2174 1225 2226 novam
1241 2152 1437 2229 domesticae

180 2267 437 2343 consuetudinis
466 2269 653 2344 lenitatem.
683 2269 832 2345 Achilles
859 2263 1063 2366 Ulyssesque
1096 2268 1231 2343 bostem
1256 2270 1298 2343 ad
1326 2293 1439 2366 genua

177 2384 396 2479 provolutum
415 2386 586 2483 spernimt
612 2387 876 2488 trucidantque3
893 2385 988 2459 nuuc
1016 2408 1094 2459 vero
1118 2384 1268 2460 civitates
1286 2410 1307 2461 a
1325 2386 1439 2462 civita-

178 2498 280 2592 tibus,
307 2500 425 2599 populi
454 2525 474 2576 a
500 2502 637 2601 populis
668 2504 711 2578 ad
744 2502 1016 2579 internecionem
1035 2502 1327 2578 caedunturzodia
1342 2527 1438 2602 aeque

177 2616 299 2693 infesta
313 2621 448 2712 ardent,
469 2620 529 2696 sed
544 2620 691 2718 publicae
704 2622 862 2698 utilitatis
890 2622 1017 2697 nomen
1045 2621 1224 2697 honestius
1243 2622 1436 2720 praefertur.

179 2733 259 2819 Quae
280 2735 323 2810 ab
344 2735 470 2812 Cleone
502 2749 536 2814 et
556 2739 704 2815 Diodoto
723 2742 814 2838 apud
847 2738 1086 2831 Athenienses
1106 2739 1387 2816 aPlataeeusibns
1406 2750 1440 2815 et

176 2851 348 2929 Thebanis
382 2857 471 2952 apud
522 2857 823 2948 Lacedaemonios,
875 2859 918 2933 ab
952 2855 1220 2932 Atheniensibus
1255 2857 1373 2951 legatis
1404 2871 1440 2932 et

96 2998 106 3016 Ι
178 2965 355 3042 Meliorem
383 2968 600 3068 principibus
637 2971 673 3044 in
702 2971 871 3069 colloquio
900 2970 958 3045 1110
988 2969 1096 3046 nobili
1116 2969 1439 3069 dictaThucydides

178 3081 284 3158 relert
309 3095 368 3159 aut
381 3086 493 3184 fingit,
510 3087 598 3163 bene
613 3089 790 3164 declarant
808 3091 944 3166 Graecos
963 3087 999 3161 in
1017 3086 1113 3162 bellis
1131 3086 1291 3192 gerendis
1308 3089 1440 3163 nullam

177 3196 248 3273 1010
258 3200 399 3297 justitiae
432 3203 636 3301 decorisque
662 3203 836 3280 rationem
853 3203 1036 3295 habuisse,
1070 3203 1130 3277 sed
1162 3202 1273 3276 studio
1289 3202 1440 3279 utilitatis

177 3327 237 3390 aut
255 3320 416 3415 praesenti
451 3319 585 3394 libidini
604 3320 787 3396 indulsisse
800 3322 969 3414 licentius,
987 3331 1152 3419 tanquam
1168 3319 1262 3394 domi
1283 3318 1441 3394 molliora

176 3430 332 3508 instituta
365 3447 399 3511 et
427 3424 635 3532 sapientium
652 3435 780 3533 placita
813 3436 1042 3534 reliquissent,
1074 3447 1439 3534 assumptamnacum

177 3549 281 3622 armis
299 3549 440 3649 antiqua
476 3549 612 3626 feritate
645 3551 929 3650 impotentiaque.
948 3551 1019 3624 Viri
1050 3551 1108 3648 qui
1124 3550 1260 3626 Graecas
1289 3551 1439 3628 civitates

177 3665 526 3759 administraverunt,
568 3669 596 3742 si
633 3691 743 3767 pauca
780 3668 825 3744 ob
868 3669 1093 3767 eamdemque
1130 3669 1337 3767 paucitatem
1370 3670 1438 3746 cla·

175 3778 310 3872 rissima
334 3783 474 3858 nomina
501 3785 666 3883 excipias,
697 3785 807 3860 multa
825 3785 956 3862 habent
983 3785 1183 3862 communia
1208 3808 1288 3860 cum
1318 3788 1437 3863 doloso

176 3895 234 3971 illo
263 3895 393 3996 lllyss'e,
424 3923 535 3996 neque
555 3910 690 3976 tantum
721 3901 891 3978 industria
916 3903 1136 3995 contendere,
1154 3903 1215 3977 sed
1252 3912 1286 3978 et
1319 3905 1438 3982 trande

176 4008 384 4111 fallaciisque
396 4017 546 4112 grassari
573 4014 697 4092 solent.
729 4018 778 4093 Ac
797 4019 912 4095 nescio
930 4042 973 4094 an
990 4020 1184 4118 Sophocles·
1202 4039 1243 4096 eo
1267 4018 1437 4096 veriorem

177 4128 220 4202 ad
237 4129 496 4206 similitudinem
511 4134 684 4230 pertidum
697 4132 853 4232 ejusdem
864 4130 998 4235 Ulyssis
1008 4135 1183 4232 ingenium
1198 4135 1235 4212 in
1249 4136 1437 4214 Philoctete

176 4246 391 4342 expresserit,
406 4248 498 4344 quod
512 4247 543 4323 ei
567 4249 641 4324 talis
660 4249 801 4324 uafritiae
821 4251 1026 4350 malitiaeque
1040 4252 1197 4351 exempla
1213 4255 1307 4350 apud
1321 4276 1438 4353 aequa·

175 4361 224 4437 les
239 4362 377 4437 abunde
390 4373 629 4460 suppeterent.

223 4480 353 4554 Verum
366 4478 431 4554 alia
449 4479 559 4553 multa
579 4475 768 4578 eademque
782 4482 917 4580 maiora
940 4497 1144 4583 supererant
1161 4485 1346 4582 quaealtins
1365 4486 1437 4564 ins·

175 4592 314 4693 picienti
333 4607 513 4693 apparent.
536 4595 635 4681 Quod
651 4597 702 4672 ad
722 4598 772 4672 rei
784 4599 933 4697 publicae
946 4600 1276 4677 administrationem
1289 4602 1437 4700 pertinet

175 4711 291 4820 omnia
308 4712 492 4788 immutata
519 4723 612 4802 sunt,
631 4737 738 4813 quum
756 4716 957 4794 servitutem
976 4718 1128 4811 libertas,
1147 4740 1293 4818 regnum
1307 4719 1435 4814 civitas,

175 4850 297 4926 regum
316 4829 527 4906 voluntatem
545 4829 663 4930 legum
683 4832 869 4910 auctoritas
895 4835 1074 4936 exceperit.
1099 4835 1178 4912 lam
1204 4835 1320 4936 vigent
1342 4851 1452 4928 artes,
