3216 5408
770 1540 826 1628 m
873 1512 876 1519 '

243 1766 281 1816 De
297 1767 330 1817 iis
345 1781 403 1832 quaa
418 1767 445 1817 in
462 1767 605 1834 Sophoclea
618 1768 706 1819 fabula
718 1768 869 1821 recentioris
880 1767 989 1819 Graeciae
1003 1781 1090 1819 mores
1106 1774 1133 1819 et
1146 1782 1208 1820 usus
1224 1767 1366 1827 declarant.

214 2229 264 2304 De
300 2228 340 2304 iis
372 2253 466 2304 nuuc
486 2230 640 2305 dicemus
667 2253 743 2328 quae
776 2230 819 2305 ab
850 2228 1044 2333 Homericae
1074 2227 1183 2302 aetatis
1214 2226 1377 2303 institutis
1395 2240 1430 2304 et

169 2344 416 2420 cousuetudine
450 2351 588 2442 prorsus
611 2346 721 2421 aliena
749 2346 936 2442 Sophocles
966 2345 1010 2420 ab
1042 2343 1231 2442 aequalibus
1251 2353 1431 2418 mutuatus

119 2510 124 2519 ·
169 2471 231 2551 est,
241 2461 377 2558 duoque
392 2483 517 2556 genera
529 2460 677 2555 invenio,
697 2483 936 2563 unumeorum
950 2484 1026 2555 quae
1049 2471 1148 2537 eraut
1162 2459 1432 2535 Atheniensibus

170 2599 248 2651 oum
278 2577 407 2652 caeteris
436 2576 562 2653 Graecis
590 2579 818 2671 communia,
851 2579 1003 2676 alterum
1036 2601 1159 2654 eorum
1192 2600 1267 2675 quae
1291 2576 1434 2674 propria

169 2694 276 2784 gentis
290 2693 506 2769 Atheniensis
525 2703 642 2769 erant:
660 2717 767 2792 pergo
787 2694 947 2792 equidem
966 2694 1148 2769 ostendere
1168 2703 1306 2790 poetam
1325 2714 1432 2767 novos

171 2808 369 2884 Graecorum
401 2830 522 2881 sensus
552 2807 759 2900 decivitate,
790 2810 833 2883 de
859 2807 997 2898 virtute,
1029 2809 1072 2883 de
1098 2806 1310 2882 honorandis
1336 2829 1434 2882 mor·
1545 2873 1547 2879 .

170 2936 309 3002 tuorum
330 2923 493 3018 reliquiis,
507 2925 550 3000 de
566 2924 723 3022 piaculis,
743 2925 785 2999 de
798 2924 862 2998 diis
875 2935 1032 2999 secutum
1048 2947 1134 2999 esse.

217 3041 403 3127 Homerica
416 3050 517 3115 aetate
533 3041 679 3140 populos
698 3041 904 3133 invenimus,
923 3064 1096 3138 nusquam
1117 3040 1304 3133 civitatem,
1321 3040 1434 3134 idest,

169 3157 426 3234 multitudinem
450 3155 537 3254 juris
580 3157 826 3240 communione
856 3157 1025 3233 sociatam
1062 3183 1071 3230 :
1111 3157 1330 3256 Agamemno
1364 3180 1435 3233 uon

170 3277 329 3374 princeps
362 3273 489 3349 civium
520 3273 663 3365 dicitur,
697 3275 759 3349 sed
787 3287 863 3342 meo
889 3288 1010 3367 ποιμήν,
1049 3287 1167 3373 pastor
1198 3273 1352 3350 virorum
1377 3273 1437 3374 qui

171 3391 265 3466 domi
294 3390 443 3488 bellique
494 3389 662 3486 ignobiles
690 3389 866 3464 voluntate
908 3390 1162 3489 prudentiaque
1205 3391 1436 3490 imperitantis

170 3506 301 3582 domini
320 3519 503 3603 reguntur.
520 3503 613 3580 Nihil
629 3503 1057 3603 Argivialllprmidouibus
1073 3518 1133 3581 aut
1148 3505 1191 3581 ab
1211 3506 1296 3605 ipsis
1312 3507 1435 3606 Troja-

170 3621 222 3698 nis
253 3623 446 3698 differunt:
474 3622 603 3720 ubique
630 3622 724 3697 enim
753 3621 924 3710 deestilla
947 3623 1092 3698 societas
1106 3622 1194 3720 juris
1222 3647 1298 3720 quae
1322 3624 1438 3701 civitas

69 3799 72 3805 .
171 3750 231 3817 cst.
244 3741 348 3816 Deest
360 3740 466 3817 etiam
481 3740 566 3815 illud
586 3738 694 3814 civilis
714 3739 887 3815 societatis
905 3739 1101 3831 vinculum,
1125 3739 1192 3814 lex.
1219 3738 1341 3837 Neque
1356 3752 1439 3822 πόλις

172 3855 317 3930 civitatis
346 3876 473 3946 sensu,
511 3876 623 3951 neque
649 3864 731 3938 νόμος
754 3869 902 3953 usquam
934 3853 969 3927 in
1002 3852 1197 3947 Homericis
1224 3853 1438 3932 carminibus

172 3981 339 4069 apparent
368 3995 376 4042 :
407 3969 510 4045 urbes
536 3969 730 4045 invenimus
759 3984 793 4045 et
827 3981 976 4053 θέμιστας.
1017 3969 1063 4043 At
1095 3968 1189 4066 apud
1229 3968 1438 4066 Sophoclem

172 4086 309 4176 Thebae,
323 4086 468 4161 Athenae
486 4109 556 4161 uon
571 4088 676 4162 modo
694 4087 743 4163 uti
761 4087 866 4163 urbes
883 4085 1016 4184 ingenti
1030 4083 1254 4160 multitudiue
1274 4086 1439 4185 hequen-

170 4212 223 4279 tes
234 4203 421 4278 laudantur
437 4227 445 4275 :
462 4201 613 4279 civitates
628 4216 721 4295 sunt,
741 4203 871 4278 civibus
886 4203 997 4299 plenae
1012 4224 1164 4300 quorum
1176 4200 1235 4298 jus
1263 4203 1439 4282 utilitasve

131 4319 524 4419 ¹raroareguantibus
538 4320 774 4397 contemnitur
786 4334 847 4396 aut
859 4319 1054 4420 negligitur.
1186 4317 1190 4326 '

220 4437 284 4513 Est
313 4438 348 4512 in
374 4432 548 4536 OEdipode
566 4439 718 4516 Colonen
735 4439 831 4514 locus
861 4461 931 4514 nou
950 4436 1117 4513 mediocri
1141 4436 1252 4535 spatio
1269 4437 1442 4515 circums-

172 4555 301 4654 criptus
314 4555 360 4655 (v.
378 4555 667 4655 medullatum
685 4555 862 4655 tragoediae
878 4554 1033 4652 personis
1048 4554 1113 4629 alia
1125 4576 1274 4653 persona
1293 4556 1440 4650 accedit,
1492 4573 1494 4577 ·

173 4670 290 4748 civitas
309 4673 531 4752 Atheniensis
550 4673 729 4771 majestate
748 4696 788 4748 ac
806 4673 939 4770 legibus
959 4671 1120 4748 subnixa.

223 4787 534 4888 Appropinquante
564 4786 724 4882 Creonte,
740 4787 915 4887 Antigone
932 4786 995 4862 viri
1014 4786 1155 4864 audacis
1175 4786 1319 4864 consilia
1332 4787 1444 4865 refor-
