3216 5408
753 395 801 410 ..
826 353 873 429 og
899 396 947 411 -

220 485 355 561 midans
383 486 580 585 praesidium
618 497 718 562 terrae
743 487 864 562 Atticae
900 490 1065 586 exposcit,
1099 491 1190 587 quod
1223 489 1288 587 ipsi
1323 487 1479 587 patrique

218 603 410 700 hospitibus
426 605 578 679 Theseus
598 604 769 700 pollicitus
788 616 850 694 est,
883 605 1007 703 cuique
1022 628 1062 679 eo
1091 605 1201 702 magis
1226 605 1370 679 conlidit
1388 601 1481 702 quod

218 718 323 793 modo
343 719 470 792 chorus
494 718 616 793 eximio
636 719 790 794 carmine
816 718 966 793 Atticam
998 719 1211 817 amplissime
1244 717 1476 795 collaudavit:

219 857 301 932 ergo
322 835 516 909 exclamat:
669 821 671 824 ⁴

257 1002 282 1062 Ο
304 1001 448 1063 maximis
461 1001 606 1063 laudibus
620 1001 778 1063 celebrata
797 1009 892 1075 terra,
910 1019 992 1064 nunc
1009 1013 1040 1064 te
1058 1003 1202 1082 inclytam
1219 986 1303 1061 illum
1318 1000 1430 1062 samam
1445 1017 1479 1061 re

218 1101 424 1180 comprobare
438 1101 535 1163 decet
555 1100 601 1180 (V.
618 1104 686 1177 720,
714 1102 776 1182 sq).
1339 1100 1342 1103 ’

205 1394 206 1397 p
266 1294 412 1406 OEdipos
435 1294 511 1392 pari
537 1292 765 1372 sollicitudine
780 1297 953 1387 afficitur3
985 1305 1021 1370 at
1039 1296 1188 1392 spondet
1214 1296 1344 1371 chorus
1361 1295 1479 1393 patriae

166 1451 168 1456 ·
216 1432 287 1486 suae
303 1432 404 1507 opem
418 1410 612 1508 hospitibus
631 1434 702 1487 non
716 1411 853 1533 delore:

257 1597 402 1670 Quamvis
414 1599 498 1687 enim
521 1616 618 1661 senex
645 1599 716 1680 sim,
736 1609 839 1662 tamen
866 1598 968 1676 hujus
984 1607 1078 1660 terrae
1104 1615 1168 1660 non
1196 1599 1363 1671 consenuit
1382 1599 1480 1662 robur

218 1695 263 1769 (V.
278 1698 350 1774 726,
366 1697 426 1778 sq).

264 1896 370 1970 Adest
385 1894 494 1971 Creon
523 1895 581 1993 qui
610 1888 749 1971 simulat
773 1918 808 1971 se
841 1896 971 1971 nullam
990 1895 1154 1994 injuriam
1175 1895 1345 1989 meditari,
1366 1895 1479 1972 cirita·

196 2061 197 2066 =
218 2026 358 2112 lenique
372 2012 618 2098 Atheniensem
634 2013 744 2088 vereri
764 2039 772 2085 :

254 2169 351 2261 Venio
365 2199 460 2273 enim,
479 2217 542 2261 non
553 2209 588 2261 ut
601 2199 630 2260 vi
646 2199 816 2278 quidquam
838 2197 986 2273 factunm,
1011 2197 1266 2279 quandoquidem
1281 2215 1378 2259 senex
1391 2215 1478 2276 sum,

213 2294 279 2356 scio
299 2304 402 2356 autem
424 2296 463 2358 ad
489 2295 647 2359 civitatem
677 2313 725 2357 me
748 2297 854 2357 venire
875 2306 1119 2376 praepotentem,
1145 2295 1170 2356 si
1198 2311 1258 2374 qua
1274 2295 1335 2356 alia
1350 2294 1479 2356 Graeciae

214 2392 262 2471 (V.
279 2395 348 2470 732,
366 2393 452 2474 sqq).

262 2590 385 2665 Missus
400 2599 452 2665 est
465 2589 539 2687 ipse
555 2591 599 2666 ab
618 2590 753 2666 civitate
768 2578 933 2666 lhebana
954 2617 962 2664 :

253 2777 321 2836 Non
336 2773 428 2835 unius
442 2772 587 2852 imperio,
599 2773 656 2836 sed
669 2773 709 2835 ab
721 2772 875 2836 universis
887 2773 1009 2835 civibus
1020 2774 1127 2851 jussus
1142 2772 1188 2853 (V.
1206 2775 1278 2850 737,
1293 2774 1352 2856 sq).

253 2971 390 3078 ¹llerom
409 2970 494 3045 nihil
521 2969 710 3070 proficiunt
724 2969 1056 3069 precesminaeque:
1079 2980 1216 3045 certum
1235 2984 1288 3045 est
1315 2969 1478 3069 OEdipodi
1526 3022 1528 3026 ψ

212 3090 248 3163 in
272 3089 383 3164 Attica
416 3101 509 3164 tarra
534 3089 622 3165 mori
650 3100 753 3187 atque
791 3088 979 3186 benignam
1007 3098 1145 3184 gentem
1186 3087 1279 3162 latali
1318 3088 1477 3185 sepulcro

142 3214 153 3230 ²
214 3207 356 3282 donare.
385 3206 496 3281 Iratus
524 3205 635 3281 Creon
668 3206 827 3280 Ismenen
848 3205 922 3303 jam
945 3204 1080 3280 auferri
1097 3204 1224 3302 jussit3
1253 3227 1346 3280 nunc
1366 3205 1477 3296 ipsam
1526 3218 1529 3225 ’
1587 3268 1592 3273 .

214 3323 409 3421 Antigonen
439 3344 458 3396 e
485 3321 602 3396 miseri
638 3322 819 3417 complexu
852 3320 942 3396 senis
971 3319 1109 3418 abripit.
1135 3319 1219 3395 Vide
1246 3319 1281 3394 in
1311 3321 1477 3418 praeclaro

213 3439 359 3536 dialogo,
385 3437 464 3512 licet
490 3460 559 3511 non
596 3437 947 3534 intergrammaticos
978 3439 1020 3511 de
1052 3435 1173 3511 ordine
1209 3436 1478 3534 colloquentium

213 3575 440 3649 personarum
457 3553 646 3645 conveniat,
659 3552 793 3651 quoties
809 3553 938 3628 mentio
953 3550 1097 3628 civitatis
1112 3545 1271 3626 occurrat
1287 3576 1294 3625 :

254 3734 362 3798 OEom.
375 3769 414 3797 -ε
435 3736 460 3796 Ο
479 3747 572 3798 terrae
582 3737 675 3814 hujus
690 3733 870 3814 principesl

159 4110 162 4118 ’
253 4133 357 4194 Canon
371 4151 431 4194 ran
446 4133 560 4196 OEom.
581 4133 704 4196 Civitati
720 4143 825 4196 autem
838 4119 907 4191 'vim
925 4127 1055 4204 inlares,
1083 4128 1109 4190 si
1133 4129 1209 4208 quid
1234 4146 1284 4192 me
1305 4111 1412 4192 laedes.
1430 4129 1477 4211 (ll.

214 4229 375 4310 stt-837).
622 4240 624 4244 ’

264 4426 506 4520 Tumchorus,
524 4450 594 4503 non
610 4426 702 4525 regis
736 4447 884 4517 mernor,
915 4426 957 4501 ad
987 4426 1259 4526 propulsandam
1274 4428 1318 4503 ab
1344 4427 1479 4523 civitate

113 4561 114 4564 ‘
215 4569 279 4622 sua
292 4544 457 4644 injuriam
477 4544 660 4642 populares
674 4544 864 4619 advocat:
951 4624 952 4628 g
1017 4562 1018 4566 ‘

255 4722 484 4805 progredimini
503 4723 576 4798 hnc,
594 4713 719 4798 adeste,
744 4722 865 4798 adeste,
881 4721 1020 4803 incolae,
1048 4722 1199 4786 evertitur
1214 4723 1322 4787 civitas
1343 4723 1476 4803 pervim

215 4841 296 4887 mea.
315 4823 542 4904 progredimini
563 4824 625 4885 buc
639 4824 716 4886 mihi
730 4822 779 4904 (V.
802 4821 872 4901 841,
889 4824 974 4905 sqq).
