3216 5408
616 357 618 361 ‘
699 383 748 404 -·
773 341 821 419 32
848 381 899 404 -·

171 424 353 568 conjugem
404 474 637 571 parentalibus
686 448 840 575 placare.
896 473 990 550 Num
1044 439 1231 571 quidquam
1279 469 1345 545 tale
1394 470 1429 544 in

15 545 16 548 .
62 604 64 609 ·
108 593 110 599 ’
170 588 356 664 Homerica
379 589 450 667 ¹illa
490 599 658 668 vetustate
696 592 890 668 invenitur‘l
923 591 1050 665 Hector
1087 589 1130 666 ab
1169 587 1300 664 Achille
1339 587 1431 663 letali

129 788 132 794 ‚
169 704 241 779 ictu
261 705 440 782 confossus
468 731 488 783 a
512 702 641 785 victore
663 713 790 784 trustra
818 707 971 805 deposcit
998 729 1042 780 ne
1066 705 1122 781 ille
1154 705 1263 802 ipsius
1287 694 1432 779 cadaver

172 820 263 896 sinat
281 845 301 895 a
320 822 464 899 canibus
477 825 646 900 devorari.
662 826 744 900 Haec
762 825 798 897 in
813 825 923 898 amico
937 821 1086 897 Patrocli
1110 809 1295 895 crudelitas
1316 819 1431 895 minus

158 927 403 1028 'mira,‘rerum
418 927 522 1016 ceteri
536 940 655 1015 Achivi
680 941 806 1039 quibus
829 963 909 1015 cum
928 939 1077 1014 Hectore
1091 961 1162 1012 non
1178 948 1281 1012 tantae
1294 946 1432 1034 quantae

172 1052 441 1129 Achilliirarum
460 1079 585 1147 causae,
601 1068 814 1134 concurrunt
841 1078 966 1152 corpus
985 1053 1142 1129 odiosum
1170 1053 1432 1151 impunelaces-
1539 1133 1541 1138 ,
1568 1067 1570 1071 ’

173 1162 300 1243 sentes.
348 1170 477 1246 Hector
522 1168 639 1248 autern
690 1172 764 1268 ipse
810 1169 936 1267 jacenti
991 1169 1152 1244 Patroclo
1194 1168 1429 1243 insultaverat.

130 1345 132 1350 .
173 1284 356 1361 Postremo
376 1286 528 1362 Achilles
543 1298 762 1386 postquama
778 1288 907 1362 misero
924 1286 1086 1360 cadavere
1105 1286 1231 1361 atrocia
1245 1284 1431 1381 supplicia,

60 1460 62 1464 .
173 1422 371 1500 quanquam
401 1402 471 1477 visa
503 1403 568 1478 sibi
598 1403 737 1495 leviora,
769 1401 1097 1501 exegit‚molestius
1128 1401 1433 1497 actantnmjussu

172 1513 318 1588 deorum
334 1518 473 1594 coactus
489 1519 617 1595 orantis
634 1519 765 1594 Priami
793 1542 913 1617 preces
948 1518 1115 1593 exaudiet.
1143 1518 1249 1604 Quid!
1273 1541 1343 1592 non
1363 1516 1434 1591 vult

96 1635 101 1646 '
173 1630 282 1728 patri,
317 1657 353 1708 se
381 1636 567 1729 adstante,
596 1649 824 1735 conspectum
858 1635 919 1709 tilii
948 1637 1042 1727 dari,
1083 1661 1127 1711 ne
1147 1637 1273 1710 iratum
1314 1658 1432 1709 senem

173 1745 278 1845 inque
295 1748 473 1829 liberiores
485 1755 641 1852 querelas
652 1751 1039 1852 erumpentemfoccidat
1049 1752 1154 1846 lovis,
1169 1752 1313 1851 imperia
1326 1751 1434 1847 negli-

78 1929 82 1936 .
132 1853 134 1915 ἶ
175 1889 273 1962 gens.
457 1877 460 1886 ⁴
615 1965 617 1969 ‚

141 2003 143 2007 ’
222 1981 267 2054 At
279 2005 359 2057 vero
378 1981 532 2082 AEschyli
552 1985 802 2084 Sophoclisque
822 1984 1039 2082 temporibus
1056 2007 1164 2081 quum
1179 1996 1257 2079 post
1269 1981 1433 2057 Plataeen-

175 2118 249 2170 sem
276 2119 429 2194 pugnam
444 2099 612 2196 AEgiuetae
634 2104 784 2177 suadent
799 2101 979 2176 Pausaniae
997 2100 1070 2198 regi
1091 2111 1130 2173 ut
1143 2123 1161 2172 a
1173 2098 1435 2174 Mardoniireli·

72 2221 73 2224 ’
173 2209 262 2307 quiis
280 2235 390 2309 poenae
409 2226 593 2290 sumantur
618 2216 662 2292 ob
681 2217 792 2292 illatas
820 2228 958 2306 mortuo
979 2214 1294 2290 LeonidaeaXerxe
1312 2231 1434 2290 contu·
1490 2240 1492 2246 ·

173 2324 305 2418 melica,
320 2328 508 2405 barbarum
523 2317 703 2407 consilinm
718 2355 803 2407 non
820 2332 895 2407 sine
913 2329 1151 2426 indignatione
1185 2330 1317 2427 respuit
1328 2330 1435 2405 ›Lace-

173 2439 379 2518 daemonius.
451 2511 453 2515 ,
1099 2466 1100 2469 ’

222 2556 406 2634 Scilicetin
422 2545 575 2656 Ajace'et
588 2561 623 2634 in
644 2562 951 2661 Antigonepocta
979 2561 1207 2649 recentiorem
1227 2558 1437 2656 pietatemet

172 2673 356 2770 aequalium
407 2701 491 2751 usus
533 2678 709 2754 molliores
752 2679 927 2776 seqnitur,
970 2701 1039 2752 uon
1081 2678 1229 2775 priscam
1272 2677 1435 2752 saevitiam
1520 2738 1523 2743 .

174 2789 326 2889 effingit;
341 2815 476 2869 morem
491 2795 579 2892 gerit
594 2795 861 2871 Atheniensibus
889 2794 947 2892 qui
973 2795 1123 2870 veritatis
1137 2796 1268 2869 nudam
1291 2787 1437 2870 horren-

175 2908 325 3005 darnque
343 2909 531 3007 imaginem
550 2912 733 3010 aegerrime
753 2912 921 2987 tulissent.
1141 2896 1142 2900 ¹
1251 3007 1253 3010 y

223 3023 302 3096 Non
333 3024 575 3125 philosophie,
608 3028 667 3102 sed
694 3027 815 3137 religio
853 3027 992 3102 Graecos
1019 3028 1185 3102 docuerat
1218 3037 1436 3102 mortuorum

173 3139 335 3240 reliquias
347 3143 468 3235 vereri,
483 3167 547 3219 nec
562 3144 764 3242 Sophoclea
789 3143 965 3242 tragoediae
993 3154 1153 3218 naturam
1168 3142 1259 3218 bene
1277 3145 1437 3240 cognoris

174 3257 240 3332 nisi
253 3259 533 3356 quibusvinculis
545 3285 625 3336 cum
652 3260 874 3356 religionibus
901 3261 1056 3358 ejusdem
1076 3261 1243 3358 temporis
1257 3261 1378 3357 juncta
1394 3260 1438 3336 sit

172 3376 521 3477 priusexplorareris.

222 3492 287 3579 Qui
298 3493 434 3568 animos
447 3494 594 3571 heroum
607 3495 643 3569 in
659 3495 761 3571 rebus
777 3494 891 3572 dubiis
904 3505 937 3569 et
949 3495 1076 3591 asperis
1088 3505 1278 3583 exerceant,
1295 3494 1438 3570 affectus

172 3609 208 3683 in
225 3608 351 3684 iabulis
372 3609 578 3707 Sophoclem
610 3611 825 3709 effingendos
854 3610 918 3684 sibi
934 3610 1155 3707 proposuisse
1170 3611 1435 3708 plana-constat,

171 3750 292 3802 verum
317 3727 352 3802 id
370 3728 588 3826 propositum
615 3729 820 3827 quibusdam
836 3729 932 3826 quasi
962 3719 1089 3802 linibus
1108 3728 1317 3821 continetur,
1330 3753 1437 3826 quum

102 3867 104 3871 ·
172 3845 298 3920 heroes
317 3843 425 3941 quiin
442 3867 580 3919 scenam
610 3845 822 3919 inducuntur
846 3845 1126 3942 audientiumque
1151 3858 1286 3920 mentes
1301 3847 1436 3921 casibus

63 3990 66 4000 ·
117 3977 120 3982 ·
172 3959 294 4035 suiset
319 3960 467 4056 querelis
485 3970 643 4053 movent,
660 3984 729 4036 non
750 3962 903 4035 humana
922 3960 1246 4035 modo-infirmitate
1261 3962 1433 4053 laborent,

172 4077 231 4152 sed
246 4075 378 4150 altioris
389 4091 427 4150 et
441 4077 687 4173 praestantioris
705 4076 858 4152 numinis
874 4075 1105 4151 dominationi
1121 4089 1273 4172 pareant.
1291 4078 1360 4152 llnt
1371 4078 1436 4176 ipsi

172 4192 316 4290 alicujus
331 4192 384 4265 sui
402 4193 562 4269 facinoris
582 4182 686 4286 noxii,
705 4205 764 4269 aut
776 4193 911 4291 gentilis
930 4193 1039 4291 culpae
1058 4192 1248 4267 hereditate
1267 4194 1435 4267 contami-

172 4309 254 4402 nati,
265 4303 393 4408 poenas
407 4310 546 4385 admissi
557 4334 621 4386 ase
631 4322 690 4387 aut
701 4334 720 4385 a
730 4308 921 4422 mqjoribns
936 4309 1075 4385 sceleris
1091 4311 1241 4406 pendere
1253 4320 1433 4405 coguntur.

171 4427 264 4525 llrgo
277 4428 421 4501 deorum
435 4425 602 4501 voluntati
620 4427 861 4523 obsequuntur
875 4447 950 4522 quae
968 4423 1205 4522 imprudentes
1219 4427 1431 4522 pessumdat.

172 4541 229 4615 Fit
238 4540 392 4615 debitum
408 4539 596 4638 piaculum,
610 4541 674 4616 etsi
684 4540 784 4615 nobis
792 4538 941 4637 iniquius
952 4539 1097 4631 videtur,
1114 4540 1235 4637 siquid
1252 4563 1433 4637 peccavere

171 4669 345 4754 parantes,
365 4656 504 4731 multari
537 4657 626 4732 filios
653 4670 713 4734 aut
751 4668 905 4752 nepotes.
930 4656 1057 4731 Graecis
1084 4656 1222 4753 quidem
1240 4657 1363 4731 heroas
1384 4666 1434 4732 tot

171 4773 306 4850 casibus
339 4786 373 4850 et
399 4774 653 4852 calamitatibus
671 4797 741 4849 non
758 4773 846 4847 sorte
866 4772 1025 4862 fortunae,
1048 4773 1109 4848 sed
1127 4772 1270 4848 numine
1288 4774 1431 4847 deorum
