3216 5408
756 411 865 484 -416
885 445 933 464 .-
948 431 969 476 η

207 539 398 616 simultates
415 541 543 634 fovent,
560 543 686 641 ubique
704 543 842 635 adsunt,
864 543 933 618 cari
948 543 1062 620 herois
1079 518 1220 620 causam
1235 543 1465 635 defendentes

191 757 402 866 'sequentes
420 773 520 849 Solus
536 774 671 871 Jupiter
688 775 855 873 aequitatis
879 799 1013 852 memor
1030 776 1207 851 interdum
1229 773 1463 864 videturesse,

206 898 319 983 neque
332 898 447 963 tamen
466 888 597 966 Graecis
607 891 685 988 jure
703 890 869 967 Helenam
888 891 1121 992 repetentibus
1141 892 1242 966 lavet.
1256 891 1367 987 Supra
1385 891 1466 966 deos

207 999 434 1102 hominesque
456 1005 557 1081 altior
584 1020 687 1104 atque
706 1006 887 1084 obscurior
908 1006 985 1081 Fati
1018 1017 1168 1106 potestas
1183 1005 1393 1098 dominatur,
1412 1005 1467 1080 eui

206 1115 341 1213 Jupiter
362 1118 434 1220 ipse
461 1122 564 1198 veluti
600 1122 759 1198 minister
781 1120 980 1197 famulatur.
1005 1115 1157 1208 Querens
1180 1123 1465 1220 igitursummus

204 1230 259 1307 ille
278 1234 363 1311 deus
389 1238 667 1336 effingiturquod
684 1239 916 1337 Sarpedonem
943 1239 1054 1313 lilium
1081 1238 1182 1314 morti
1206 1237 1465 1313 contrallatum

204 1350 338 1448 eripere
351 1377 420 1429 non
435 1354 542 1452 possit
556 1355 618 1454 (l).
635 1355 792 1454 llysteria
804 1369 921 1431 autem
938 1356 1076 1454 ignorat
1089 1356 1259 1431 Homerus
1273 1353 1466 1452 utOrphica

205 1479 239 1540 et
257 1490 423 1542 arcanum
440 1492 619 1544 sacrorum
630 1494 744 1566 genus
757 1494 870 1546 omne.
886 1471 957 1545 Neo
972 1472 1065 1567 apud
1085 1493 1165 1545 eum
1184 1460 1303 1567 religio
1319 1491 1465 1567 usquam
1494 1538 1496 1541 ,

204 1604 320 1657 mores
334 1584 530 1677 emendare,
547 1596 582 1660 et
599 1585 749 1661 hominis
780 1586 935 1661 animum
963 1588 1007 1661 ad
1021 1586 1191 1683 expletam
1212 1584 1466 1682 perfectamque
1585 1606 1595 1617 ·

203 1699 336 1776 virtutis
367 1701 516 1776 formam
544 1724 789 1776 consummare
811 1702 948 1787 nititur;
967 1701 1039 1775 imo
1053 1701 1130 1775 talis
1157 1699 1280 1797 optimi
1302 1698 1465 1797 perfactio

204 1838 271 1911 qua
286 1840 370 1912 gens
384 1820 537 1892 humana
552 1818 673 1893 divinae
688 1818 864 1915 dignitatis
894 1817 1006 1915 aliquo
1031 1817 1134 1892 modo
1150 1815 1321 1913 particeps
1336 1815 1464 1905 evadit,
1484 1891 1490 1896 ,
1522 1866 1526 1875 ·

204 1929 389 2007 Homerico
420 1956 491 2008 aevo
518 1957 614 2032 aeque
633 1958 673 2010 ac
704 1933 825 2008 divinae
860 1931 1048 2017 sanctitatis
1068 1931 1234 2007 excellens
1261 1931 1465 2030 integraque

204 2056 327 2121 natura
343 2046 548 2144 ignotaluit.
975 2107 978 2113 .

252 2164 319 2240 Res
350 2165 473 2240 millies
500 2176 662 2240 tractatas
680 2159 889 2263 prorsusque
905 2169 1068 2262 pertritas
1086 2187 1126 2239 ex
1140 2162 1275 2260 integro
1295 2186 1466 2261 exponere

203 2280 416 2379 aproposito
438 2282 542 2378 longe
568 2280 778 2356 abhorruit:
808 2279 999 2356 Hesiodum
1016 2279 1075 2377 qui
1092 2264 1261 2376 privatam
1290 2278 1466 2353 vetustatis

201 2395 307 2470 vitam
325 2396 492 2496 depinxit,
509 2397 567 2471 hie
596 2396 829 2494 praeterimus,
843 2419 957 2497 quum
987 2395 1159 2470 recentior
1187 2394 1339 2470 Homero
1366 2393 1466 2469 nobis
1554 2384 1557 2388 ⁴

202 2513 360 2588 uideatur
376 2541 385 2604 ;
405 2512 465 2587 sed
477 2512 594 2586 locum
612 2534 715 2586 suum
731 2511 872 2614 habebit
887 2512 948 2587 ubi
963 2513 1005 2587 de
1020 2510 1128 2608 poetis
1147 2534 1211 2608 per
1226 2533 1312 2608 quos
1331 2510 1374 2584 ab
1393 2510 1467 2607 epi·

202 2631 250 2705 cis
269 2629 482 2706 carminibus
513 2629 556 2703 ad
574 2628 775 2724 tragoediam
795 2628 891 2725 quasi
906 2628 1070 2703 transitus
1099 2627 1260 2718 efficitur,
1290 2630 1466 2733 agendum

202 2747 278 2823 erit.
301 2747 474 2838 Ceterum,
505 2745 564 2820 ubi
583 2769 638 2821 res
657 2743 855 2842 postulabit,
887 2768 965 2844 quae
999 2744 1058 2820 hic
1087 2744 1286 2820 summatim
1316 2745 1467 2843 amplexi

62 2876 64 2880 ’
168 2940 170 2945 ,
204 2886 324 2938 sumus
342 2862 477 2960 plenius
492 2860 768 2959 explicabuntur,
785 2885 853 2960 quo
867 2860 990 2936 melius
1004 2861 1159 2936 instituta
1173 2859 1262 2935 inter
1272 2861 1466 2939 Homerum

203 3003 242 3056 ao
273 2979 480 3074 Sophoclem
507 2979 721 3080 comparatio
749 2978 941 3053 illustretur
965 2990 1069 3074 atque
1100 2977 1338 3053 confirmetur.
1366 2980 1467 3056 Nunc

202 3120 282 3173 vero
304 3107 425 3193 aptum
444 3095 578 3170 videtur
605 3098 784 3172 ostendere
803 3095 990 3193 quamdam
1009 3083 1185 3171 Homerici
1210 3095 1272 3168 aevi
1298 3096 1467 3172 heredita·

201 3222 272 3288 tem
290 3236 399 3310 usque
418 3210 660 3310 permansisse,
680 3234 785 3310 quam
814 3234 854 3284 ex
872 3211 947 3308 ipsa
975 3234 1095 3286 rerum
1125 3211 1327 3288 necessitate
1353 3213 1467 3310 potius

202 3351 305 3426 quam
325 3330 368 3405 de
379 3326 549 3403 industria
563 3327 749 3425 Sophocles
762 3327 797 3401 in
813 3324 937 3401 sabulis
952 3327 1109 3402 servavit.

249 3444 317 3518 Per
343 3441 546 3517 diuturnum
574 3442 659 3518 illud
689 3442 906 3517 intervallum
934 3444 1101 3540 temporis
1120 3467 1188 3541 quo
1217 3451 1300 3517 aetas
1327 3442 1467 3518 Periclis

201 3560 342 3636 nomine
360 3560 451 3647 dicta
469 3559 513 3633 ab
545 3571 645 3637 aetate
676 3560 861 3637 Homerica
880 3559 1033 3652 dissidet,
1058 3560 1208 3658 plurima
1240 3561 1274 3633 in
1302 3559 1466 3634 institutis
1510 3571 1521 3656 g

201 3675 399 3782 Graqcoru'm
416 3686 450 3752 et
467 3675 622 3750 moribus
633 3676 816 3752 immutata
833 3687 914 3750 sunt
932 3703 941 3766 ;
957 3677 1055 3773 cujus
1070 3676 1120 3751 rei
1133 3699 1272 3752 causam
1286 3673 1465 3772 ingenium

201 3793 399 3870 Graecorum
431 3793 641 3890 praeoipuam
656 3793 822 3870 exstitisse
852 3817 943 3886 reor,
964 3793 1202 3868 novandarum
1226 3813 1345 3866 rerum
1371 3791 1465 3889 cupi-

201 3912 286 3986 dum
301 3910 464 4007 omnique
478 3911 645 3986 industria
658 3912 878 4003 instructum,
895 3934 966 3986 non
978 3911 1119 4009 longam
1133 3934 1306 3986 annorum
1325 3909 1461 4002 seriem,

201 4051 308 4125 quum
328 4027 433 4101 totius
466 4027 612 4102 Orientis
646 4029 766 4126 populi
785 4051 804 4102 a
825 4027 945 4126 primis
963 4026 1069 4103 initiis
1097 4031 1237 4103 easdem
1271 4027 1340 4102 lere
1369 4027 1462 4124 leges
1500 4086 1503 4091 .

201 4144 535 4241 consuetudinesque
556 4144 599 4218 ad
629 4144 811 4241 praesentia
838 4157 995 4240 tempora
1014 4144 1239 4221 obtinuerint.
1269 4144 1398 4218 Verum
1425 4155 1463 4216 ut
1523 4172 1529 4182 ·

200 4256 431 4332 diversitatem
458 4257 747 4355 deprehendimus
767 4258 983 4334 manifestam
1001 4258 1092 4334 inter
1111 4271 1263 4335 veterem
1292 4257 1462 4334 recentio-

198 4395 341 4469 remque
360 4383 488 4447 statum
507 4373 657 4466 Graeciae,
670 4373 719 4449 ita
737 4399 806 4451 uon
837 4398 946 4473 pauca
963 4375 1140 4450 vetustatis
1166 4373 1307 4472 uestigia
1340 4396 1462 4472 super·

198 4487 302 4562 fuisse
337 4487 552 4585 reperimus,
583 4489 694 4586 gentis
726 4492 868 4588 propria
900 4490 999 4589 signa
1031 4492 1212 4589 quaedam,
1254 4512 1330 4588 quae
1362 4490 1460 4564 etin

199 4603 354 4678 moribus
378 4617 410 4679 et
440 4603 474 4677 in
511 4602 648 4701 scriptis
685 4606 923 4683 servabantur.
957 4604 1012 4680 Nil
1043 4606 1172 4681 mirum
1205 4607 1308 4706 igitur
1335 4606 1459 4683 melius

235 4865 268 4936 tl)
284 4866 318 4920 rt.
333 4877 398 4936 xxx,
415 4868 467 4922 431
479 4882 524 4936 sq
