3216 5408
192 495 390 587 veteresque
423 484 604 582 religiones
635 481 793 580 accipere
813 469 996 579 poterant.
1031 478 1172 554 Fabulae
1200 478 1266 554 illae
1284 489 1323 554 ut
1357 489 1455 576 grata

193 602 353 700 praeteriti
380 602 550 678 hereditas
586 623 655 682 non
685 604 760 674 sine
781 598 907 696 pietate
934 598 1083 697 quadam
1109 597 1329 672 habebantur
1346 621 1353 667 :
1371 593 1454 691 ipsis

192 718 374 793 annalibus
406 731 440 792 et
478 715 704 815 religionibus
727 715 893 813 gentium·
916 713 1109 789 commixtae
1121 707 1200 810 pars
1216 712 1313 810 quasi
1337 711 1455 809 patriae

127 827 129 831 ’
191 833 407 924 videbantur,
422 856 559 908 neceas
576 831 634 929 qui
656 843 776 932 aperte
796 839 973 927 respueret
991 852 1099 926 nugas
1114 828 1259 926 pueriles
1281 827 1456 926 appellans

191 949 283 1046 apud
297 949 452 1024 Graecam
483 947 655 1023 civitatem
674 969 826 1045 unquam
845 956 938 1025 tutus
955 968 998 1021 aa·
1009 970 1150 1023 securus
1168 945 1306 1044 egisset,
1325 944 1454 1021 nedum

193 1062 418 1160 popularibus
435 1062 598 1160 placeret.
636 1061 683 1135 ht
709 1061 808 1136 labor
822 1061 886 1135 luit
905 1060 1047 1135 eruditis
1071 1061 1150 1136 viris
1177 1083 1218 1136 ac
1236 1049 1390 1135 studium
1418 1067 1456 1133 ut

185 1201 250 1253 'eas
264 1179 359 1253 nous
376 1168 535 1254 sensibus
554 1178 872 1268 accommodarent,
904 1201 949 1252 ne
972 1177 1137 1275 mitigatis
1152 1175 1309 1252 moribus
1326 1197 1454 1273 repug·
1574 1188 1576 1193 “

194 1305 316 1370 narent
346 1317 429 1368 neve
460 1306 583 1392 arguto
631 1293 851 1393 ingeniorum
880 1293 1030 1369 acumini
1056 1292 1183 1368 odiosae
1208 1303 1334 1374 essent.
1362 1291 1454 1390 Ergo

193 1412 382 1487 Pindarum
397 1411 564 1505 ridemus,
575 1411 727 1510 AEschpli
741 1412 921 1509 aequalem,
932 1411 1065 1486 subulas
1076 1411 1245 1509 quasdam
1260 1409 1454 1507 repudiare,
1515 1493 1522 1506 ,

194 1527 276 1602 alias
290 1528 475 1628 immutare
492 1527 585 1625 qnod
598 1525 667 1603 sint
680 1528 750 1602 suis
761 1528 804 1605 de
817 1527 881 1602 diis
894 1527 1053 1603 sensibus
1065 1550 1190 1625 parum
1205 1536 1453 1603 consentaneae.

195 1645 296 1720 Nunc
313 1642 417 1742 longe
429 1634 806 1744 ⁸detestaturPelopem
825 1666 980 1741 unq-uam
1000 1667 1127 1718 caesum
1142 1656 1246 1742 atque
1270 1644 1307 1718 in
1337 1665 1456 1719 mensa
1535 1727 1538 1731 ,

196 1761 346 1859 positum
365 1783 385 1834 a
401 1770 594 1858 patreesse
609 1769 648 1832 ut
674 1757 770 1834 cibus
786 1759 850 1835 diis
867 1760 966 1834 fieret
979 1759 1045 1857 (l).
1071 1759 1173 1836 Nunc
1187 1760 1316 1858 Ulyssis
1341 1748 1456 1835 mores

194 1887 399 1974 aspernatur
410 1896 489 1949 eum
502 1873 546 1948 ab
560 1872 713 1964 Homero
725 1874 841 1949 nimiis
853 1875 1015 1950 laudibus
1026 1887 1188 1950 ornatum
1201 1897 1276 1951 esse
1290 1888 1385 1951 ratus
1396 1874 1455 1974 (P).

108 2044 110 2049 -
194 1989 324 2064 Verum
344 1989 404 2064 ubi
415 1967 637 2064 mortuorum
651 1987 881 2077 conditionem
898 1989 1061 2087 depingit,
1074 1989 1222 2064 maxime
1245 1990 1288 2065 ab
1303 1991 1457 2066 Homero
1502 2060 1504 2063 ,

114 2153 116 2157 -
194 2106 374 2183 abhorret.
400 2104 534 2179 Animae
561 2126 699 2201 nempe,
731 2104 759 2179 si
786 2103 974 2203 Odysseam
993 2106 1182 2204 sequimur,
1210 2130 1341 2198 omnes,
1361 2108 1456 2185 nullo

195 2223 384 2298 clarissimo
408 2225 513 2298 heroe
542 2235 695 2319 excepto,
711 2220 816 2297 vitam
831 2245 969 2314 vanam,
998 2223 1141 2299 somniis
1163 2223 1396 2316 consimilem,
1421 2224 1456 2305 in

194 2337 308 2413 Erebo
339 2340 431 2438 apud
455 2326 588 2413 Hadem
620 2337 762 2436 degunt,
785 2340 857 2431 ubi,
891 2340 1023 2415 umbrae
1044 2342 1151 2432 factae,
1185 2364 1260 2437 quae
1290 2339 1327 2413 in
1358 2340 1456 2415 terris

91 2489 93 2496 ·
128 2533 129 2538 ,
194 2477 390 2546 exercuere,
410 2478 479 2530 uon
491 2455 564 2552 Jam
583 2454 636 2533 sni
657 2466 846 2552 compotes,
858 2456 935 2530 ‘sine
948 2457 1118 2533 industria
1136 2480 1176 2532 ao
1190 2458 1262 2532 sine
1281 2457 1457 2536 voluntate

195 2595 257 2646 sua
291 2592 400 2668 usque
427 2582 598 2644 exercent.
633 2568 801 2643 Pindarus
827 2582 947 2644 contra
984 2573 1168 2646 confirmat
1189 2571 1290 2646 bonis
1317 2572 1457 2670 egregia
1555 2661 1558 2668 ³

193 2685 362 2780 uirtutum
378 2683 519 2781 praemia
536 2695 775 2780 postmortem
792 2687 950 2782 persolvi,
968 2688 1076 2762 malos
1094 2710 1171 2762 vero
1194 2687 1326 2761 meritis
1345 2689 1457 2784 poenis

195 2800 407 2875 alficblnter
432 2798 622 2873 Homerum
635 2790 893 2898 Pindarumqne
911 2801 1149 2876 intercesserat
1178 2825 1305 2900 magna
1323 2802 1457 2900 opinio-
1551 2866 1552 2870 ,

108 2958 115 2975 ,
171 2951 175 2961 ·
195 2938 280 2990 num
308 2914 350 2989 de
368 2915 435 2989 vita
453 2915 570 2989 sutura
589 2915 815 2989 commutatio
836 2916 972 2991 :multa
997 2915 1090 2990 enim
1109 2939 1197 2992 nova
1221 2917 1377 2992 attulisse
1391 2915 1456 2992 Or-

197 3031 304 3132 phieae
337 3031 520 3130 religiones
555 3031 811 3128 videnturque
849 3033 885 3106 in
916 3033 1095 3108 mentibus
1113 3033 1296 3121 hominum
1321 3034 1456 3130 penitus

194 3145 405 3222 insederant.
424 3146 487 3245 (3).
559 3209 562 3218 .
625 3220 627 3227 ,
811 3225 814 3229 ,
916 3150 924 3169 ’
1127 3140 1130 3146 ’
1404 3236 1408 3242 ,

245 3263 292 3337 Ut
317 3261 459 3338 Homeri
490 3285 650 3359 asperam
677 3263 934 3360 simplicitatem
960 3265 1133 3340 Pindarus
1166 3266 1376 3358 emendavit,
1410 3268 1457 3344 ita

195 3378 336 3455 Hesiodi
351 3379 394 3453 de
410 3378 621 3454 Prometheo
638 3379 791 3455 fabulam
809 3381 992 3480 AEschplus
1021 3383 1056 3457 in
1087 3384 1213 3482 inclyta
1229 3385 1395 3482 tragoedia
1412 3387 1456 3460 ad
1478 3477 1480 3481 ⁷

147 3598 150 3600 v
196 3496 367 3593 majorem
394 3484 599 3591 dignitatem
624 3499 740 3595 exegit
768 3501 934 3574 mutando
966 3502 1150 3598 quadam,
1182 3503 1341 3576 addendo
1376 3501 1453 3576 alia.

95 3709 97 3714 Ι
197 3611 290 3686 Nihil
304 3611 410 3686 refert
429 3612 471 3685 de
486 3611 709 3688 victimarum
738 3615 962 3690 interlovem
987 3617 1215 3713 hominesque
1245 3617 1454 3713 partitione,

197 3727 281 3801 nibil
297 3727 340 3802 de
352 3727 515 3802 Pandora
536 3752 545 3800 ε
567 3728 765 3826 diligentins
777 3753 858 3806 vero
873 3729 965 3806 circa
982 3731 1068 3827 ignis
1080 3732 1213 3806 lurtum
1226 3731 1450 3808 immoratur.
1548 3733 1551 3737 ’

115 3860 119 3869 ’
195 3843 273 3918 tarn
301 3843 461 3918 laudibus
488 3844 586 3918 novis
614 3846 824 3944 egregiisque
852 3846 1100 3921 Prometheum
1119 3904 1129 3936 ,
1147 3847 1290 3943 ,generis
1313 3848 1456 3921 humani
1526 3914 1530 3923 .

197 3958 403 4056 magistrum
451 3981 492 4033 ac
519 3960 738 4060 defensorem
772 3974 916 4036 exornat
949 3987 956 4033 :
992 3973 1156 4059 tanquam
1182 3962 1272 4035 inter
1302 3962 1456 4061 iniquam
1579 4052 1581 4057 Α

197 4074 469 4150 dominationem
483 4084 517 4149 et
545 4075 742 4152 libertatem
769 4076 1006 4175 justitiamque
1025 4088 1200 4152 certamen
1226 4094 1307 4152 ante
1339 4079 1455 4152 oculos
1510 4083 1512 4088 ’
1579 4122 1592 4142 1

198 4189 318 4286 ponit:
342 4202 381 4263 ut
399 4190 538 4265 Senecae
559 4192 670 4267 verbis
688 4204 766 4269 utar
793 4193 836 4266 de
864 4193 972 4268 stoico
993 4193 1173 4291 loquentis,
1202 4193 1259 4268 hic
1287 4194 1456 4269 habemus

196 4329 265 4412 por
282 4306 350 4381 Deo
364 4309 517 4404 dignum,
541 4309 657 4398 rirpm
684 4311 806 4385 bonum
832 4333 906 4384 cum
944 4312 1036 4387 mula
1053 4309 1453 4409 fortuno'composr'tum.

198 4425 319 4500 Talem
333 4425 611 4524 magnitudinem
625 4426 732 4502 animi
752 4438 786 4503 et
794 4426 937 4527 ingenii,
951 4430 1048 4503 illam
1059 4429 1227 4525 grandem
1235 4450 1459 4526 severamque

210 4535 220 4568 l

234 4639 267 4710 (ll
284 4639 396 4711 Olymp.
415 4652 446 4709 1,
464 4638 562 4693 30-55.

235 4727 268 4799 12)
286 4728 373 4784 Nem.
391 4742 440 4793 v11,
454 4730 502 4784 20.

236 4818 269 4888 (³)
285 4818 325 4874 V.
343 4816 417 4873 Otlr.
438 4819 532 4874 Muell.
548 4834 593 4891 op.
608 4816 684 4876 laud.
700 4832 733 4890 11,
750 4836 775 4876 o.
792 4821 836 4876 16.
