3216 5408
208 503 441 580 necessarium
465 503 617 579 officium
648 503 792 603 quilibet
825 508 918 600 ciris,
950 508 1045 583 nulla
1072 510 1206 606 generis
1234 517 1295 584 aut
1313 506 1469 606 pecuniae

208 619 341 694 ratione
372 619 502 710 habita,
535 633 728 719 usurparet.

258 737 323 812 Hic
355 761 472 813 rerum
498 736 611 813 ¹status
643 738 685 812 ab
710 737 750 812 iis
774 739 936 815 institutis
964 741 1180 839 etnmoribus
1206 765 1281 839 quae
1293 742 1465 816 Homerus

209 864 349 956 noverat
360 851 493 950 ingenti
506 852 684 928 intervallo
699 853 849 929 dissidet.
862 855 929 930 Ubi
948 868 999 930 est
1017 857 1072 931 ille
1087 881 1144 931 rex
1166 870 1282 952 pastor
1297 857 1464 953 gentium,

208 969 390 1043 hominum
415 977 525 1065 pater,
552 969 695 1042 deorum
715 969 756 1043 de
777 964 883 1066 stirpe
899 971 1079 1077 oriundus,
1106 973 1199 1047 omui
1223 972 1413 1047 reverentia
1430 983 1466 1047 et
1510 989 1512 996 “
1554 1011 1557 1018 -

209 1083 306 1179 quasi
331 1082 495 1179 religione
510 1082 767 1157 circumdatus?
792 1083 844 1156 llli
878 1108 1014 1182 quoque
1043 1109 1200 1183 proceres
1230 1110 1316 1184 quos
1343 1110 1401 1161 rex
1427 1086 1463 1160 in

208 1197 390 1273 consilium
407 1198 539 1276 solebat
558 1222 759 1288 convocare,
781 1201 903 1273 eodem
924 1223 964 1275 ac
983 1201 1089 1276 ceteri
1103 1202 1191 1276 cives
1209 1204 1288 1300 jure
1309 1212 1463 1294 utuntur,

207 1315 543 1412 suaquecommunis
560 1315 727 1389 libertatis
760 1327 857 1413 parte
884 1319 1126 1394 tantummodo
1151 1320 1334 1393 fruuntur:
1352 1320 1465 1413 impe·

206 1433 297 1507 rium
318 1455 421 1532 penes
441 1433 608 1531 populum
630 1445 682 1507 est
708 1433 766 1530 qni
794 1435 837 1509 de
866 1435 1010 1532 publicis
1034 1436 1138 1510 rebus
1152 1436 1331 1523 deliberat,
1348 1435 1461 1533 jubet,

205 1559 305 1623 vetat.
342 1547 505 1623 Oratores
544 1549 716 1623 exsistunt
750 1549 959 1652 quicumque
994 1553 1198 1648 eloquentia,
1232 1551 1464 1648 ingenioaut

191 1645 317 1761 ‘aliqua
335 1658 459 1738 virtute
476 1667 568 1761 apud
584 1665 841 1740 multitudinem
865 1667 947 1740 clari
962 1668 1159 1764 acceptique
1177 1667 1280 1741 fiunt.
1298 1666 1463 1762 lgnobilis

205 1781 338 1878 plebeS,
358 1780 471 1854 nullis
498 1781 580 1872 avis,
611 1781 671 1856 sed
696 1781 816 1874 libera,
830 1776 953 1880 potens
967 1782 1072 1878 igitur
1095 1782 1307 1881 pollensque,
1323 1806 1462 1881 aequum

205 1921 352 1995 regnum
370 1897 404 1970 in
420 1919 541 1970 omnes
559 1908 708 1972 exercet.
1089 1904 1091 1908 ’
1322 1889 1328 1903 ’
1536 1983 1538 1988 ,

252 2015 348 2089 Nova
362 2012 1180 2111 reipublicaeformaqnumAthenasinmajorem
1195 2013 1460 2110 amplitudinem
1588 2008 1592 2018 ’

129 2193 134 2206 .
202 2129 405 2221 deduxisset,
428 2140 461 2203 et
494 2128 647 2204 facinora
679 2128 828 2202 maxime
861 2129 998 2226 egregia
1027 2154 1102 2226 quae
1132 2152 1277 2226 usquam
1311 2130 1396 2237 alias
1427 2130 1461 2202 in

143 2300 146 2307 ,
182 2246 352 2334 ¹historiis
366 2245 525 2343 legimus,
552 2245 749 2343 peperisset,
770 2257 810 2318 ut
830 2244 958 2319 civibus
978 2245 1127 2341 patriciae
1140 2245 1314 2342 dignitatis
1327 2257 1361 2320 et
1377 2249 1463 2345 regii

202 2361 336 2459 imperii
364 2362 483 2448 odium
512 2360 646 2459 injecit,
678 2361 726 2435 ita
756 2374 789 2434 et
819 2384 939 2435 eorum
984 2361 1117 2434 animos
1145 2383 1270 2456 magna
1300 2361 1463 2436 varietate

202 2477 404 2574 opinionum
415 2477 550 2566 imbuit,
566 2500 641 2574 quae
652 2499 772 2551 omnes
781 2477 822 2549 ad
837 2476 992 2550 instituta
1003 2486 1207 2572 spectarent,
1218 2479 1310 2550 unde
1322 2476 1462 2553 felicitas

203 2600 236 2664 et
250 2591 324 2665 laus
340 2592 487 2688 publicae
498 2613 654 2664 manasse
672 2590 877 2674 riderentur.
895 2590 1051 2665 lntrabat
1068 2600 1201 2664 mentes
1219 2591 1462 2688 quodcumque

202 2706 344 2780 liberius
359 2706 540 2780 consilium
556 2718 640 2795 erat,
657 2727 883 2802 quaecumque
896 2705 1109 2802 impotentiae
1125 2704 1224 2798 regiae
1235 2705 1462 2803 rimingenua
1487 2772 1489 2784 .

203 2823 346 2897 audacia
377 2822 599 2897 defendebat:
623 2846 686 2896 nec
713 2835 849 2896 tanturn
874 2823 965 2917 apud
986 2822 1209 2897 Athenienses
1222 2823 1462 2899 democraticae

198 2936 391 3033 disciplinae
417 2959 501 3010 usus
527 2947 562 3011 et
593 2937 804 3011 consuetudo
832 2935 1011 3023 valebant,
1045 2936 1103 3040 sed
1135 2957 1235 3010 amor
1266 2937 1403 3033 quidam
1429 2950 1462 3014 et

202 3051 354 3126 studium
373 3053 501 3128 recenti
530 3053 648 3151 patriae
681 3051 914 3147 magnitudine
942 3051 1210 3123 inflammatum.
1240 3041 1308 3125 Res
1342 3062 1497 3150 postea·

202 3179 344 3243 mutatae
362 3180 443 3244 sunt
467 3192 575 3266 quum
605 3170 718 3243 clades
739 3168 854 3240 multae
884 3166 919 3239 in
943 3165 1237 3262 Peloponnesiaco
1268 3167 1357 3243 bello
1373 3169 1462 3244 vires
1586 3200 1592 3211 ·

157 3336 160 3341 «
201 3283 415 3358 Athenarum
436 3283 639 3379 fregissent:
664 3299 739 3356 tum
768 3294 904 3378 partem
938 3281 1057 3378 populi
1088 3281 1173 3355 adeo
1205 3292 1389 3379 pertaesum
1409 3294 1462 3359 est

200 3399 419 3495 publicarum
448 3397 684 3473 calamitatum
708 3407 748 3470 ut
775 3396 967 3470 libertatem
985 3397 1094 3494 ipsam
1122 3397 1210 3471 male
1237 3397 1457 3477 mulctarent.
1525 3463 1528 3468 .

200 3513 246 3588 m
264 3513 425 3609 Sophocli
441 3506 584 3610 contigit
599 3525 637 3589 ut
655 3526 800 3586 mortem
816 3512 938 3603 obiret,
952 3523 1134 3608 antequam
1151 3535 1171 3586 a
1191 3512 1461 3591 Lacedaemoniis

106 3712 109 3717 4
200 3629 290 3704 victa
303 3630 412 3728 patria
429 3629 493 3704 sub
512 3627 783 3704 dominationem
798 3627 951 3723 Triginta
967 3627 1117 3700 virorum
1134 3629 1352 3701 concederet.
1393 3681 1396 3688 .

250 3747 290 3819 ln
311 3744 508 3843 Sophocleis
528 3744 650 3841 fabulis
670 3741 881 3818 democratia
898 3740 1037 3837 aequalis
1064 3764 1105 3816 ac
1130 3740 1232 3816 veluti
1254 3740 1462 3818 circumfusa

202 3861 306 3935 modo
334 3859 525 3934 manifestis
553 3859 659 3956 signis
696 3856 900 3948 declaratur,
921 3856 1023 3930 modo
1053 3855 1234 3930 obscurior
1255 3855 1461 3956 penitusque

201 3976 378 4072 implicata
391 3977 524 4068 residet,
543 3977 718 4050 interdum
735 3974 877 4049 omnino
899 3974 1044 4048 deficere
1061 3972 1195 4048 videtur
1209 3975 1300 4072 quod
1317 3976 1458 4072 quidem

200 4094 235 4166 in
251 4094 348 4167 chori
361 4092 485 4190 saepius
505 4091 683 4167 cantilenis
703 4091 838 4166 evenire
857 4090 955 4164 solet.
973 4089 1052 4163 Ubi·
1070 4113 1124 4164 res
1144 4090 1276 4188 tragica
1301 4093 1345 4165 ad
1379 4091 1464 4167 ciri,

201 4208 279 4282 tatis
297 4209 632 4283 administrationem
647 4208 792 4304 pertinet
805 4208 913 4303 deque
930 4205 1075 4304 imperio
1087 4205 1212 4302 agitur,
1226 4219 1328 4304 poeta
1338 4229 1459 4304 perse-

199 4350 262 4401 uas
279 4325 411 4400 inducit
426 4325 599 4422 suiipsius
617 4324 765 4421 aequales
782 4334 815 4400 et
831 4323 1057 4398 recentiorem
1068 4322 1285 4420 disciplinam
1304 4325 1455 4399 edoctas.
1514 4398 1522 4419 ,

197 4447 274 4517 lam
294 4442 499 4540 etquaedam
519 4441 654 4516 feminae
674 4440 757 4513 nihil
784 4439 878 4515 aliud
910 4439 943 4511 in
974 4439 1091 4514 fabula
1124 4461 1228 4536 quam
1262 4439 1454 4514 Attioumm

199 4549 404 4633 feminarum
417 4566 530 4654 partes
548 4556 918 4631 defendereridentur.
942 4554 1055 4629 llores
1077 4567 1194 4629 autem
1233 4553 1454 4630 democratia

200 4672 346 4748 orationi
360 4671 498 4768 tragicae
512 4670 680 4746 dederunt
690 4671 851 4746 subtilem
868 4671 965 4743 illum
991 4680 1146 4743 tenorem
1166 4669 1380 4766 nudumque,
1395 4671 1454 4745 sed

197 4786 324 4865 fortem
338 4811 378 4865 ac
408 4785 571 4882 liberum,
603 4809 675 4863 non
699 4787 801 4885 ple-no
827 4784 1020 4864 Homericae
1050 4783 1260 4884 simplicitati
1288 4785 1451 4864 amnem.
