3216 5408
737 373 932 449 -30-
1049 365 1057 384 ⁰

361 504 485 574 Ac‘torls
503 519 610 590 partes
639 511 754 572 chorus
783 507 984 586 officiumque
1009 505 1098 568 virile

364 608 520 671 Deleudat
526 654 674 672 ........
699 606 753 688 (l).

252 838 439 936 Nunquam
457 840 525 914 tale
543 858 672 914 munus
684 837 787 913 audet
805 835 978 934 suscipere
991 832 1177 909 multitudo
1192 830 1249 905 illa
1266 825 1464 922 Homerica,

204 954 365 1053 ignobilis
381 955 609 1054 demissaque.
632 955 705 1030 Nec
719 953 860 1044 mirum,
877 975 983 1050 quum
999 950 1096 1048 epica
1110 947 1223 1047 poesis
1233 946 1286 1021 »ab
1302 942 1463 1019 laudibus

205 1072 351 1147 heroum
381 1072 550 1169 originem
583 1071 737 1163 traxerit,
770 1070 936 1166 tragoedia
954 1078 1070 1143 autem
1107 1089 1128 1142 a
1165 1060 1385 1162 dithyrambo
1404 1059 1481 1157 qui,

204 1186 374 1283 principio
389 1186 453 1260 luit
473 1187 590 1285 populi
611 1187 766 1284 quaedam
780 1185 961 1274 cantilena,
982 1193 1061 1281 post
1080 1181 1191 1255 lactus
1206 1189 1260 1255 est
1283 1200 1370 1276 opus
1391 1197 1462 1249 non

202 1301 323 1400 populi
337 1301 452 1375 solum
466 1301 583 1398 pietati
596 1304 703 1378 sedet
720 1301 888 1398 voluptati
901 1294 1279 1385 accommodatumin
1297 1316 1364 1400 quo
1384 1314 1463 1388 per-

203 1438 325 1490 sonam
339 1416 489 1514 aliquam
502 1441 522 1492 a
536 1418 664 1517 populo
679 1439 788 1514 usque
807 1415 942 1513 delendi
961 1424 1234 1489 consentaneum
1249 1409 1325 1483 luit.

184 1612 185 1616 ,
252 1529 368 1616 Quum
384 1531 528 1628 ingeniis
547 1545 581 1606 et
609 1531 765 1607 moribus
792 1552 968 1605 accessere
997 1526 1143 1602 eruditio
1173 1523 1464 1621 humanitasque,

121 1736 124 1750 Ι
203 1645 289 1720 ratio
304 1670 379 1744 quae
397 1643 531 1745 primus
545 1647 759 1745 temporibus
775 1645 878 1720 veluti
895 1631 1155 1742 angustioribus
1173 1640 1291 1738 spatiis
1311 1638 1464 1715 contine-

159 1837 161 1840 .
203 1761 316 1855 batur,
335 1763 471 1862 longios
487 1786 670 1861 progressa
684 1764 728 1836 ad
742 1745 903 1837 altiorem
918 1761 1144 1856 latioremque
1159 1781 1277 1831 rerum
1296 1779 1463 1854 conspec-

63 1947 69 1958 .
165 1973 168 1979 Ι
203 1879 426 1973 tumeradit,
446 1902 557 1978 neque
572 1880 644 1978 jam
660 1879 795 1976 singula
821 1901 965 1976 quaeque
996 1875 1122 1950 intueri
1155 1883 1316 1949 contenta
1336 1894 1464 1970 genera

204 2016 336 2086 rerum,
359 2007 396 2069 ut
411 1995 594 2088 itadicam,
611 2007 645 2070 et
658 2017 860 2071 communes
878 1995 970 2093 leges
996 1991 1202 2090 cogitatione
1227 1991 1459 2089 amplectitur.

204 2107 346 2185 Veteres
361 2111 499 2209 quidem
516 2111 564 2200 illi
577 2111 642 2187 sihi
660 2111 819 2209 quaedam
835 2110 946 2186 officia
965 2111 1110 2187 colenda
1141 2132 1215 2202 esse
1243 2120 1459 2206 cognorant,

203 2225 263 2298 sed
280 2232 319 2298 ut
332 2226 503 2324 originem
534 2227 727 2303 officiorum
745 2226 915 2326 justitiam
944 2227 1157 2317 nesciebant,
1191 2225 1238 2301 ita
1271 2236 1304 2300 et
1329 2227 1471 2302 virtutis
1544 2259 1546 2266 ·

204 2341 408 2440 dignitatem
426 2343 636 2442 ignorabant
651 2345 788 2443 vimque
803 2357 875 2420 tam
895 2347 965 2420 late
994 2357 1184 2443 patentem.
1211 2345 1303 2443 Ergo
1333 2359 1465 2423 naturae

204 2459 439 2541 admonitione
458 2462 551 2537 aucti
565 2462 670 2538 modo
685 2474 800 2538 motus
821 2463 928 2538 animi
949 2463 1173 2555 coercebant,
1190 2463 1293 2538 modo
1315 2462 1464 2555 lahoreS,

204 2577 359 2671 sudores,
374 2578 572 2685 discrimina
592 2579 768 2671 subibant,
800 2578 942 2654 minime
969 2579 1200 2716 intelligentes
1236 2603 1303 2676 quo
1328 2580 1465 2654 vinculo

90 2715 93 2722 ’
204 2694 345 2771 intense
362 2706 434 2770 tam
451 2697 544 2770 varia
562 2697 674 2772 officia
692 2708 981 2772 connecterentur
1001 2724 1008 2771 :
1033 2697 1213 2772 caritatem
1234 2698 1463 2795 inponentes,

206 2813 240 2887 in
257 2813 387 2889 amicos
402 2813 519 2911 fidem,
536 2813 572 2888 in
597 2814 759 2912 hospites
774 2815 1003 2890 reuerentiam
1022 2877 1031 2905 ,
1062 2813 1311 2889 beneficiorum
1332 2839 1467 2893 memo·
1563 2872 1569 2883 -

112 2909 115 2921 ’
207 2928 308 3020 riam,
324 2928 514 3024 permultas
532 2928 674 3004 virtutes
689 2931 872 3006 ohservare
886 2930 1014 3006 assueti
1043 2952 1189 3005 summae
1216 2929 1305 3005 illius
1332 2928 1466 3006 'virtutis
1576 2969 1578 2973 ·

207 3052 323 3120 mente
342 3044 492 3143 speciem
507 3034 689 3145 concipere
703 3047 903 3144 nequibant.
1519 3037 1520 3040 Ὺ

254 3151 450 3258 Agnoscere
463 3160 625 3236 virtutem
643 3184 820 3236 summum
835 3162 919 3259 illud
933 3162 1067 3238 bonum
1085 3187 1154 3258 non
1183 3162 1322 3238 dabitur
1341 3164 1467 3242 Graecis
1483 3163 1485 3167 ’

207 3286 423 3375 antequam,
458 3279 667 3375 procedente
700 3290 858 3377 tempore
884 3281 1065 3378 longisque
1094 3279 1270 3355 erroribus
1297 3282 1465 3379 peractis,
1524 3311 1526 3313 ·

207 3393 419 3493 philosophi,
459 3392 610 3468 Socratis
636 3394 809 3492 auspiciis,
833 3419 909 3492 qoae
932 3397 977 3471 sit
997 3396 1163 3496 sapientia
1190 3395 1375 3494 reperiant,
1393 3420 1468 3495 quae

110 3552 114 3560 ·
207 3508 285 3584 luce
302 3509 405 3604 clara,
419 3508 524 3583 veluti
537 3509 605 3601 sax,
624 3510 743 3585 omnia
762 3511 844 3587 vitae>
856 3512 967 3588 officia
987 3513 1149 3586 illustrat.
1175 3512 1284 3588 Heros
1304 3535 1382 3587 vero
1410 3513 1468 3588 ille

211 3624 417 3702 Homericus
448 3626 534 3702 deos
554 3627 659 3703 hahet
679 3629 817 3703 altiores
852 3630 1017 3726 quasdam
1044 3645 1186 3706 naturas
1216 3631 1246 3702 vi
1278 3630 1409 3727 ingenti
1437 3637 1485 3707 et‘

210 3753 382 3842 potestate
396 3741 569 3840 praeditas,
583 3744 845 3842 coelicolumque
861 3768 961 3843 opem
982 3746 1047 3821 sihi
1076 3769 1211 3843 parare,
1238 3747 1323 3822 iram
1350 3750 1467 3824 aute'm

211 3871 365 3934 auertere
391 3870 451 3934 aut
469 3860 605 3957 placare
635 3884 859 3958 summopere
879 3868 987 3936 cur'at.
1025 3863 1102 3938 Non
1136 3863 1320 3962 Olympum
1351 3869 1468 3942 sedem

211 3974 276 4050 sihi
293 3974 394 4071 fingit
411 3990 546 4050 aeternae
559 3969 718 4073 justitiae,
740 3976 798 4072 qui
818 3978 900 4061 deos
917 3978 1039 4053 iisdem
1058 3990 1161 4077 atque
1189 3982 1348 4058 homines
1380 3986 1468 4061 vitiis

213 4220 247 4283 et
265 4208 534 4283 Andromachen
550 4220 725 4304 sequetur,
741 4230 806 4283 nec
821 4209 1037 4284 mirabitursi
1050 4211 1265 4309 Agamemno
1281 4214 1468 4292 formosam

213 4321 376 4422 Chrysein
392 4343 460 4395 non
483 4320 599 4396 minus
619 4323 910 4420 quanlegitimam
926 4349 1067 4401 uxorem
1095 4326 1157 4400 sihi
1189 4329 1324 4424 placere
1353 4355 1470 4408 coram

213 4438 349 4516 Achivis
388 4435 550 4514 declaret.
583 4439 627 4510 At
654 4437 796 4512 Periclis
826 4439 1048 4538 temporibus·
1075 4441 1234 4518 audimus
1273 4443 1470 4544 Antigonen

141 4655 144 4660 Ι
212 4568 359 4633 aeternas
371 4554 466 4652 leges
485 4563 619 4628 naturae
629 4554 763 4652 legibus
779 4555 941 4632 humanis
960 4571 1318 4660 praeponentem,quae
1329 4562 1469 4640 Creonti

251 4822 286 4895 (ll
305 4822 349 4879 Ad
364 4821 499 4889 Pisones,
519 4836 549 4876 v.
570 4822 620 4876 193
634 4837 679 4893 sq.
