3216 5408
170 465 359 542 reverentia
373 465 437 540 coli
461 489 567 564 supra
586 467 747 562 diximus)
774 468 930 564 arguitur
944 466 1090 564 OEdipus
1109 453 1274 542 occidisse
1290 455 1428 558 Laium,

169 592 285 678 partes
304 580 393 677 regis
407 581 545 676 benigni
563 582 633 678 agit
645 582 823 679 gentisque
845 583 947 658 modo
984 581 1163 656 utilitatem
1181 593 1289 655 curat.
1304 582 1372 655 Ubi
1394 606 1431 669 se
1521 584 1524 588 ’

170 719 266 769 reum
286 695 360 770 fieri
378 695 467 770 videt
494 707 527 771 et
541 698 670 771 crimen
688 698 890 772 incredibile
907 697 971 771 sibi
987 697 1100 793 objici,
1126 720 1195 771 non
1210 696 1284 793 jam
1299 719 1356 770 rex
1369 698 1430 771 sed

96 847 98 850 ·
170 823 452 908 verustyrannus
473 812 593 903 evadit,
608 812 666 909 qui
685 813 719 885 in
748 837 847 887 suam
875 825 1080 910 potestatem
1105 823 1236 887 secreta
1255 813 1432 886 consiliaa

170 923 339 998 seditiosis
353 926 541 1000 consociari
572 928 698 1020 credat,
731 928 1075 1025 coniurationemque
1090 926 1162 1024 jam
1179 928 1431 1026 deprehensam

169 1039 292 1114 habet:
312 1039 461 1116 Creonta
474 1055 578 1141 eaput
591 1043 840 1139 conjurationis
858 1044 1015 1118 destinat.

210 1243 355 1306 OEmrus.
368 1279 409 1294 -
429 1248 545 1318 Tuane,
560 1261 600 1305 an
614 1246 757 1306 Creontis
771 1247 839 1306 haec
857 1256 929 1307 sunt
954 1248 1155 1307 commenta?

209 1346 363 1405 Tanusius.
374 1377 414 1388 -
428 1345 527 1406 Creon
540 1344 597 1406 tibi
620 1345 704 1405 nullu
719 1345 790 1406 mali
804 1361 914 1424 eausa3
930 1347 984 1407 sed
999 1346 1066 1422 ipse
1081 1356 1113 1405 tu
1129 1344 1198 1404 tibi.

91 1504 99 1519 ‚
210 1442 357 1503 OEnraus.
373 1477 413 1486 -
434 1442 603 1517 Odivitiae,
632 1453 664 1503 et
691 1459 831 1520 regnum,
860 1454 892 1504 et
918 1459 968 1504 ars
983 1443 1151 1503 multorum
1167 1441 1351 1502 aemulorum
1366 1451 1432 1503 arte

170 1540 390 1618 praestantior,
417 1553 567 1618 quantum
590 1540 679 1604 vobis
708 1541 834 1603 invidiae
863 1542 992 1614 subest,
1016 1533 1183 1619 siquidem
1208 1549 1339 1618 propter
1371 1542 1433 1603 hoc

171 1639 347 1715 imperium,
375 1641 459 1717 quod
483 1641 558 1701 mihi
580 1641 690 1703 civitas
704 1641 787 1701 ultro
804 1641 951 1701 traditum
971 1659 1033 1719 non
1060 1640 1234 1717 expetitum
1263 1636 1374 1701 detulit
1400 1641 1433 1703 in

170 1751 289 1807 manus,
315 1738 416 1798 Creon
440 1736 492 1796 ille
508 1738 598 1811 fidus,
616 1738 667 1798 ille
682 1737 721 1797 ab
737 1737 826 1798 initio
844 1739 973 1807 amicus,
998 1739 1076 1798 clam
1094 1737 1167 1797 mihi
1185 1745 1276 1797 struit
1291 1735 1431 1812 insidias

170 1843 202 1892 et
219 1834 336 1917 ejicere
351 1852 400 1895 me
421 1835 537 1907 studet,
552 1836 723 1896 subornato
739 1837 799 1896 hoc
815 1836 1063 1914 praestigiatore,
1079 1834 1222 1896 fraudum
1249 1844 1430 1908 consutore,

169 1943 294 1993 versuto
306 1923 309 1929 ’
323 1932 534 2006 simulatore,
561 1934 614 2012 qui
630 1935 669 1995 ad
691 1935 814 1996 lucrum
839 1935 1035 1996 solummodo
1053 1934 1163 2011 cernit,
1182 1933 1221 1996 ad
1236 1943 1334 1995 artem
1358 1951 1432 1996 vero

170 2045 274 2089 caecus
294 2038 343 2090 est
367 2028 407 2108 (v.
427 2031 485 2090 378
500 2028 585 2115 sqqlt

217 2240 326 2329 Paulo
344 2251 423 2339 post
450 2242 539 2317 inter
558 2241 732 2339 OEdipoda
758 2254 793 2318 et
811 2243 959 2319 Creonta
977 2265 1095 2317 verum
1116 2251 1289 2315 certamen
1310 2263 1433 2316 conse-

170 2354 269 2446 ritur,
284 2357 343 2455 qui
358 2380 516 2432 excessus
530 2357 566 2431 in
579 2358 696 2432 fabula
710 2367 798 2432 esset
816 2359 888 2451 lere
900 2358 1042 2447 inutilis,
1055 2356 1119 2429 nisi
1133 2355 1252 2431 liceret
1268 2356 1433 2452 Sophocli

169 2471 353 2567 aequalium
373 2496 498 2564 mores,
517 2496 586 2546 non
619 2473 731 2547 solum
755 2485 957 2548 vetustatem
973 2473 1009 2545 in
1024 2488 1163 2546 scenam
1181 2471 1347 2545 inducere
1365 2473 1430 2570 (l).

170 2585 372 2686 Describere
406 2589 546 2684 longam
576 2587 843 2685 disputationem
874 2588 976 2663 nolo:
1012 2609 1122 2682 pauca
1149 2608 1328 2684 excerpam
1357 2610 1433 2683 quae

171 2701 409 2778 demonstrent
424 2726 541 2778 revera
560 2703 778 2778 Pisistratum
795 2717 855 2779 aut
873 2704 977 2777 aliurn
990 2701 1217 2777 recentiorem
1234 2711 1432 2798 tyrannum,
1449 2780 1452 2786 ,

171 2819 402 2917 potiusquam
419 2803 536 2909 heroa,
553 2820 897 2916 OEdipodisnomine,
912 2819 1087 2911 accusare,
1099 2819 1308 2915 respondere
1322 2816 1432 2892 civem

174 2936 437 3034 Atheniensem,
459 2959 528 3012 non
545 2937 693 3011 locastae
705 2939 858 3031 fratrem.
898 2979 900 2984 ·

218 3052 424 3149 Aggreditur
443 3052 588 3150 OEdipus
613 3053 666 3128 his
684 3053 797 3129 verbis
820 3053 945 3151 quibus
971 3063 1137 3149 tanquam
1154 3072 1225 3125 suae
1243 3047 1433 3147 tyrannidis

115 3263 116 3266 Ἴ
172 3165 283 3240 iurem
301 3165 448 3241 Creonta
463 3166 642 3264 increpat:

212 3370 295 3430 Heus
314 3378 359 3442 tu,
376 3359 527 3448 quidhuc
542 3369 676 3431 venisti?
691 3380 817 3432 tantane
828 3388 830 3392 “
841 3387 875 3432 es
904 3371 1033 3433 audacia
1065 3383 1159 3465 atque
1178 3371 1383 3451 impudentia,
1398 3381 1433 3434 ut

172 3483 257 3528 meas
270 3468 310 3529 ad
324 3469 408 3530 aedes
428 3468 564 3542 veneris,
581 3468 635 3546 qui
658 3469 761 3549 palam
786 3485 836 3530 me
852 3469 991 3546 perimis,
1010 3470 1161 3548 regnique
1174 3471 1235 3532 mei
1251 3469 1433 3532 manifestus
1497 3530 1499 3534 .

172 3581 207 3626 es
220 3566 327 3644 praedo
342 3564 382 3645 (v.
399 3567 458 3627 532
472 3567 563 3645 sqq)‘t

107 3756 112 3763 ⁵
221 3779 310 3852 Tum
341 3787 523 3876 postquam
554 3777 703 3853 ostendit
730 3801 766 3853 se
795 3776 950 3880 Creontis
984 3778 1126 3855 consilia
1152 3775 1296 3852 minime
1324 3779 1433 3854 reior-

174 3894 317 3986 midare,
348 3893 443 3967 addit
469 3893 677 3968 sententiam
704 3917 779 3992 quae
805 3918 975 3993 nusquam
1008 3895 1091 3971 alias
1121 3894 1233 3971 verior
1261 3918 1367 3992 quam
1396 3895 1434 3970 in

174 4007 385 4086 democratia
401 4015 473 4083 est:

211 4211 322 4270 Annon
334 4207 461 4268 insanus
471 4207 587 4268 estiste
598 4216 671 4270 tuus
681 4208 900 4284 conatus,sine
911 4209 1020 4289 populi
1031 4194 1187 4272 consensu
1198 4210 1449 4290 amicorumque*
1466 4219 1469 4226 ’

172 4323 233 4384 ope
262 4323 391 4385 regnum
415 4304 576 4383 aucupari,
608 4307 692 4383 quod
722 4307 831 4386 populi
859 4305 965 4370 lavore
989 4309 1165 4388 opibusque
1180 4309 1262 4372 solet
1275 4307 1435 4371 obtineri?

174 4405 216 4485 (v.
228 4405 297 4468 sto.
315 4408 399 4485 sqq).

210 4672 243 4744 111
262 4673 432 4820 carilipplrum
456 4677 600 4748 opiniones
612 4676 676 4734 vide
699 4692 746 4750 ap.
772 4679 865 4750 Potin,
889 4679 1035 4751 Sophocle,
1056 4689 1086 4752 p.
1108 4679 1172 4748 171,
1193 4678 1258 4734 172.
1279 4673 1437 4750 Prapiqueo

174 4777 264 4835 preca,
298 4771 310 4801 ⁸
365 4764 397 4826 't.
