3216 5408
653 1123 985 1240 doucuusto

233 1665 349 1752 Quum
367 1665 512 1740 moleste
529 1665 653 1740 serrem
682 1665 841 1741 Cornelio
856 1678 890 1740 et
909 1665 1051 1742 Racinio
1065 1690 1155 1765 saepe
1180 1666 1282 1766 objici
1296 1667 1446 1765 aliquam

184 1805 322 1859 morum
337 1781 558 1879 antiquorum
570 1792 605 1856 et
614 1793 836 1857 externorum
855 1781 1118 1879 negligentiam,
1153 1781 1332 1879 Sophoclis
1342 1805 1447 1879 opera

185 1898 378 1975 examinare
407 1896 551 1995 placuit,
571 1907 610 1971 ut
628 1899 780 1972 riderem
809 1922 851 1972 an
869 1898 992 1972 similis
1019 1898 1227 1996 negligentia
1243 1898 1323 1973 etin
1344 1910 1446 1995 poeta

182 2023 294 2088 vetere
309 2014 439 2105 Graeco,
452 2011 588 2087 Graecas
603 2035 656 2086 res
669 2023 848 2105 tractante,
864 2012 1083 2110 reperiretur.
1098 2013 1270 2088 Putabam
1284 2012 1444 2109 equidem
1500 2052 1502 2056 ι

182 2127 410 2224 Sophocleum
440 2127 645 2226 tragoediam
665 2128 817 2202 Atticum
843 2130 1026 2227 quemdam
1042 2154 1117 2206 esse
1147 2130 1311 2220 fructum,
1329 2127 1444 2204 nativo

183 2265 285 2321 succo
297 2243 471 2318 nutritum
493 2243 661 2340 patriique
672 2244 748 2318 coeli
758 2244 850 2317 velut
862 2244 905 2318 ad
921 2269 1036 2320 mores
1050 2246 1295 2336 formatummt
1307 2267 1442 2340 possem

181 2357 373 2437 describere
392 2357 473 2455 quid
505 2358 543 2432 in
567 2358 725 2455 personis
745 2357 895 2456 antiquis
912 2359 949 2432 in
968 2382 1107 2434 scenam
1122 2358 1322 2432 inducendis
1341 2370 1443 2454 poeta

181 2472 323 2569 aequalia
335 2473 491 2548 instituta
514 2474 728 2572 aequalesque
757 2496 842 2547 usus
868 2474 1037 2549 imitando
1050 2473 1283 2566 immutasset,
1297 2473 1379 2568 quid
1393 2472 1456 2573 eis

180 2587 371 2684 adjecisset.
393 2589 484 2685 Ergo
501 2589 662 2686 paucade
676 2589 752 2686 ipsa
770 2588 956 2687 quaestione
975 2588 1149 2687 praelatus,
1171 2587 1439 2663 Homericerum

181 2712 377 2801 temporum
410 2702 599 2800 imaginem
624 2698 892 2802 'circumscripte
918 2703 1131 2793 adumbravi,
1165 2702 1220 2778 cui
1246 2725 1315 2801 pon
1340 2701 1440 2777 omisi

178 2817 348 2914 subjicere
363 2841 403 2894 ea
419 2841 495 2915 quae
509 2819 674 2916 tanquam
687 2819 866 2894 Homerici
880 2821 941 2894 aevi
959 2820 1100 2918 vestigia
1119 2820 1155 2892 in
1173 2819 1329 2893 moribus
1345 2819 1439 2894 Grae-

180 2953 299 3006 corum
317 2959 425 3032 usque
445 2934 726 3030 permansissent,
757 2948 792 3009 et
823 2933 888 3009 alia
905 2957 1133 3031 quaecumque
1161 2956 1200 3007 ex
1226 2933 1304 3030 'ipsa
1322 2957 1438 3006 rerum

177 3046 382 3122 necessitate
404 3046 440 3121 in
462 3046 585 3122 sabulis
599 3048 832 3146 potiusquam
868 3047 911 3123 de
932 3047 1101 3122 industria
1118 3047 1305 3144 Sophocles
1322 3069 1438 3122 serva-

59 3186 65 3203 ¹
176 3162 263 3238 visse
300 3164 384 3237 mihi
414 3165 712 3241 nidummalum
743 3165 844 3241 libuit
875 3166 1054 3241 attendere
1068 3175 1186 3239 utrum
1205 3161 1330 3261 poesis,
1351 3164 1437 3237 dum

176 3278 220 3354 ab
252 3280 443 3356 Homericis
479 3280 690 3371 carminibus
725 3283 770 3355 ad
803 3304 891 3356 noua
918 3305 1047 3379 genera
1076 3282 1284 3370 deflecteret,
1299 3302 1437 3377 semper

176 3419 309 3473 meram
337 3396 511 3473 vetustatis
536 3418 577 3471 ac
595 3396 766 3472 sinceram
790 3395 1020 3472 imitationem
1052 3396 1216 3490 coluerit,
1245 3418 1290 3472 an
1320 3394 1435 3494 potius

137 3560 141 3566 ,
174 3513 271 3588 novis
301 3536 339 3589 se
366 3513 521 3589 moribus
544 3510 869 3603 accommodaverit,
895 3521 935 3587 ut
963 3522 1082 3596 noster
1117 3536 1255 3609 quoque
1275 3512 1436 3609 poetaad

173 3629 366 3706 libertatem
404 3630 553 3727 aliquam
583 3631 627 3706 de
674 3628 781 3705 rebus
824 3627 976 3727 antiquis
1016 3627 1253 3724 usurpandam
1287 3626 1434 3701 aliorum

175 3746 338 3843 exemplis
387 3744 623 3832 induceretur.
669 3745 748 3818 lum
792 3743 1019 3840 quaestionem
1077 3764 1264 3838 aggressus
1320 3741 1434 3836 ipsam

174 3860 287 3958 primo
318 3885 433 3937 mores
459 3873 493 3937 et
519 3862 675 3937 instituta
697 3861 890 3938 recentiora
919 3860 1057 3936 Graeciae
1097 3858 1277 3948 universae,
1308 3856 1434 3933 deinde
1502 3897 1503 3900 ¹

155 4000 288 4076 ,mores
314 3990 348 4052 et
371 3977 528 4052 instituta
553 3977 692 4076 propria
712 3979 932 4054 democratiae
950 3974 1171 4052 Atheniensis
1190 3972 1336 4047 invicem
1352 3994 1433 4046 cum
1474 4060 1476 4066 Α

172 4104 339 4182 ¹vetustate
372 4095 432 4170 illa
463 4104 496 4170 et
520 4117 600 4169 cum
634 4094 814 4192 Sophoclis
843 4093 1006 4192 operibus
1034 4092 1176 4184 contuli,
1211 4080 1279 4187 qua
1300 4089 1433 4165 ratione

171 4222 309 4306 poetam
331 4208 542 4307 deprehendi
566 4208 675 4292 aetatis
692 4233 762 4284 suae
773 4209 958 4286 imitationi
977 4207 1167 4307 saepissime
1181 4205 1432 4304 indulgentem,

172 4321 260 4396 utin
276 4322 350 4419 ejus
376 4324 552 4422 lragoediis
581 4347 637 4400 res
655 4325 851 4400 acnomina
880 4347 1110 4425 personarum
1137 4322 1290 4420 antiqua,
1317 4342 1432 4395 mores

171 4447 301 4529 autem,
316 4461 436 4513 seusus
449 4441 660 4538 affectusque
674 4451 709 4514 et
721 4464 918 4519 sermonem
928 4442 1045 4540 ipsum
1059 4437 1333 4520 recentiorisaevi
1348 4447 1433 4513 nota

171 4550 322 4649 signatos
351 4553 558 4631 invenirem:
587 4558 681 4632 unde
699 4555 781 4632 satis
797 4559 937 4655 patebat
969 4556 1179 4656 Sophoclem
1192 4551 1347 4652 praeclari
1361 4551 1432 4626 rim

169 4664 300 4764 ingenii
313 4692 382 4746 non
395 4669 431 4743 in
445 4693 484 4746 eo
499 4670 706 4771 impendisse
719 4682 758 4747 ut
772 4676 870 4772 quasi
883 4672 1081 4772 exemplum
1092 4669 1271 4750 vetustatis
1285 4667 1431 4768 perscri-
