3216 5408
131 414 141 430 ’
180 434 375 534 eloquentia
387 434 503 512 differt
515 460 601 536 quos
614 436 651 512 in
665 437 829 513 manibus
847 438 999 514 solemus
1015 461 1161 538 versare,
1174 440 1443 528 Demosthenem

181 551 258 626 dico
274 551 416 651 ejusque
429 552 696 652 aequales.Quod
708 552 849 656 quidem
864 553 982 652 paucis
994 554 1234 652 explicandum
1244 568 1306 650 est,
1317 557 1444 657 quippe

179 664 260 768 inde
280 667 386 743 etiam
412 668 619 770 Sophoclem
639 668 747 744 aetatis
769 692 840 745 suae
856 680 1021 773 tanquam
1046 671 1220 769 exemplar
1231 672 1443 750 verissimum

180 779 351 855 exstitisse
370 781 556 879 colligitur,
585 868 587 873 .
1447 849 1448 853 ,

130 971 132 974 a
229 895 278 971 Ea
295 896 421 994 quaein
439 896 654 973 orationibus
672 897 780 996 Lysiae
795 897 966 973 subtilitas
981 913 1148 997 perpetuo
1162 911 1280 978 tenore
1298 903 1444 1000 legentis
1516 949 1519 958 ·

181 1010 339 1087 animum
370 1011 527 1105 delectat,
555 1012 721 1111 gradibus
736 1013 942 1111 quibusdam
960 1013 1004 1090 ab
1019 1015 1183 1091 Herodoti
1202 986 1382 1093 ‹Hicedinc
1398 1019 1444 1094 ad

178 1128 368 1226 perfectam
397 1129 451 1204 sui
476 1129 625 1204 formam
658 1129 865 1228 processisse
896 1131 924 1205 si
943 1130 1134 1228 Sophoclis,
1161 1131 1382 1230 Antiphontis
1402 1155 1444 1223 ac

180 1242 385 1341 Thucydidis
399 1243 527 1340 scripta
541 1242 773 1341 comparabis,
796 1244 890 1318 haud
917 1243 1076 1341 protinus
1100 1257 1341 1321 consummata
1370 1271 1444 1325 esse

179 1355 361 1433 videbitur.
393 1360 523 1435 Verum
551 1360 611 1435 ubi
645 1361 736 1460 apud
780 1360 1026 1457 grammaticos
1062 1372 1220 1434 veterum
1251 1362 1444 1438 Atticorum
1479 1410 1487 1428 ·

179 1487 318 1562 αὐστηρὸς
355 1490 523 1565 χαρακτήρ,
564 1487 694 1565 αὐστηρὰ
732 1486 849 1563 cippum
886 1477 936 1575 (1)
968 1475 1030 1551 tibi
1051 1475 1234 1559 Occurrit,
1264 1502 1308 1552 ne
1337 1478 1443 1555 verbo

179 1589 371 1686 decipiaris.
411 1594 634 1693 Significatur
667 1593 759 1689 enim
790 1603 925 1668 tantum
958 1592 1035 1667 illos
1064 1600 1221 1666 auctores
1257 1616 1444 1672 ornamen-

178 1703 223 1778 tis
247 1717 284 1781 et
314 1708 501 1784 verborum
535 1696 788 1808 compositione
820 1731 939 1784 carere
969 1730 1046 1802 quae
1076 1717 1155 1805 post
1186 1707 1376 1785 Isocratem
1406 1713 1444 1787 in

178 1820 301 1896 litteris
318 1823 537 1920 frequentata
550 1833 644 1915 sunt,
673 1823 753 1898 licet
768 1821 1025 1921 pulchritudine
1044 1829 1077 1894 et
1105 1832 1180 1896 arte
1198 1823 1351 1919 propria,
1372 1825 1443 1900 ele-

178 1936 295 2036 gantia
307 1938 413 2013 etiam
439 1940 637 2018 delicatiore
653 1950 807 2013 utantur.
824 1937 869 2012 lis
887 1959 1014 2034 nempe
1027 1937 1245 2034 temporibus
1259 1948 1298 2014 ut
1308 1939 1442 2017 Atticus

123 2041 125 2046 ’
178 2051 293 2129 sermo
327 2047 610 2132 exercitationem
637 2053 857 2131 desiderabat
887 2053 1265 2151 flumenquedicendi,
1293 2055 1339 2130 ita
1372 2057 1442 2132 vim

176 2168 351 2267 integram
368 2179 402 2246 et
423 2170 572 2267 juvenile
598 2193 746 2246 acumen
765 2169 947 2267 promebat
964 2191 1040 2264 quae
1059 2169 1176 2244 minus
1201 2169 1237 2242 in
1263 2171 1441 2248 solertiore

177 2283 409 2360 recentiorum
440 2285 601 2384 facundia
629 2295 809 2382 apparent,
839 2283 909 2358 siue
928 2277 1027 2379 copia
1052 2295 1085 2357 et
1105 2282 1237 2357 ambitu
1254 2286 1440 2360 verborum

177 2400 273 2496 quasi
293 2399 563 2492 abscondantur,
578 2400 659 2491 sive,
677 2401 770 2497 quod
787 2399 856 2474 veri
887 2397 1041 2487 similius,
1062 2397 1196 2472 novitas
1219 2397 1294 2495 ipsa
1321 2422 1440 2491 rerum

177 2535 219 2589 ac
237 2514 487 2590 sententiarum
504 2514 626 2614 crebro
641 2537 707 2589 usu
742 2512 905 2611 pallescat
919 2511 1047 2587 sensim
1069 2533 1109 2586 ac
1125 2512 1312 2602 sordescat,
1339 2525 1377 2587 ut
1396 2514 1440 2589 de

176 2628 319 2726 singulis
339 2629 453 2705 miuus
466 2629 798 2705 laboretscribentis
815 2627 992 2724 ingenium
1010 2625 1224 2724 legentisque
1237 2649 1331 2719 cura,
1345 2651 1440 2703 sum·
1527 2709 1528 2717 Ν

177 2766 270 2819 marn
288 2745 402 2842 potius
418 2745 668 2844 cogitationum
687 2744 850 2842 amplecti
870 2743 1015 2818 velimus
1027 2742 1088 2840 (t).
1106 2742 1208 2817 Haud
1220 2742 1317 2817 aliter
1334 2742 1440 2818 Galli·

176 2879 215 2932 co
234 2861 397 2952 sermoni,
412 2871 493 2936 ante
509 2869 614 2958 quam
636 2859 802 2935 Balzacus
818 2858 940 2934 solutae
965 2856 1116 2931 orationi
1140 2879 1304 2931 numeros
1316 2857 1440 2957 adjun·
1478 2909 1479 2913 ι

175 2973 290 3066 nisset,
316 2975 491 3051 incondita
503 2987 713 3069 venustaque
731 2984 805 3050 erat
821 2972 1003 3062 subtilitas,
1015 2971 1130 3046 minus
1144 2971 1284 3068 quidem
1298 2971 1438 3071 placens

174 3100 294 3186 utpote
309 3114 385 3189 quae
403 3116 422 3168 e
447 3091 607 3171 barbaris
626 3091 780 3167 fontibus
805 3088 908 3164 Medii
926 3088 1025 3180 AEri,
1044 3111 1115 3163 uon
1130 3111 1170 3164 ex
1184 3087 1349 3163 Herodoti
1366 3090 1437 3165 lac·

173 3189 229 3277 tea
244 3203 401 3280 ubertate
416 3216 587 3280 manaret.
608 3203 815 3301 Quanquam
842 3201 1019 3276 latendum
1039 3212 1091 3274 est
1117 3198 1260 3274 Athenis
1274 3209 1353 3276 ante
1370 3201 1436 3300 Ly·
1498 3248 1501 3253 ι

175 3316 262 3391 siam
294 3331 329 3394 ct
358 3320 545 3406 Isocratem
577 3319 722 3393 nimiam
743 3317 976 3415 sophistarum
1010 3314 1240 3390 imitationem
1274 3315 1435 3415 viguisse,

174 3455 323 3530 quorum
359 3434 516 3510 doctrina
539 3445 671 3531 argutae
696 3431 792 3530 genti
820 3431 975 3528 jucunda
993 3430 1064 3505 visa
1080 3441 1144 3525 est,
1171 3432 1279 3506 donec
1292 3454 1384 3506 sanae
1401 3441 1436 3508 et

173 3545 316 3622 sincerae
330 3549 394 3623 arti
407 3549 450 3624 de
469 3548 546 3624 loco
562 3541 746 3622 concessit.
767 3544 975 3643 Sophoclem
990 3555 1109 3619 autem
1128 3547 1306 3621 communi
1319 3569 1435 3643 aequa·

112 3652 114 3656 ’
173 3661 260 3737 lium
276 3664 391 3739 studio
404 3664 528 3763 saepius
558 3661 742 3738 indulsisse
758 3659 1150 3760 etsupralaudataloca
1178 3671 1214 3734 et
1238 3647 1349 3737 multa
1367 3661 1434 3736 alia
1518 3648 1521 3654 ¹

174 3777 374 3851 ostendunt.
514 3778 516 3785 “
1462 3785 1470 3797 “

220 3892 270 3967 De
287 3893 467 3992 Sophoclis
492 3891 762 3993 igituroratorio
783 3890 1074 3989 generedicendi
1104 3888 1334 3965 scribentibus
1361 3890 1433 3966 elo-

171 4006 311 4103 quentia
327 4018 423 4084 vetus
446 4010 558 4085 Attica
587 4007 803 4099 occurrebat,
821 4007 918 4105 cujus
933 4006 1141 4106 exemplaria
1157 4006 1376 4106 Antiphontis
1391 4029 1433 4083 ac

171 4121 376 4221 Thucydidis
392 4147 499 4223 opera
511 4135 710 4222 supersunt.
732 4123 865 4198 Verum
888 4122 1102 4196 devotorum
1123 4120 1316 4196 Atticorum
1334 4121 1432 4218 lepo-

206 4371 242 4445 (ll
258 4375 376 4446 Dionys.
392 4373 538 4429 Halioam.
562 4373 742 4443 Decompos.
761 4369 888 4436 verbor„
903 4385 935 4442 p.
954 4371 1018 4424 147.

206 4460 242 4534 (2)
256 4462 299 4517 De
313 4462 457 4534 Sophoclis
477 4477 581 4532 genere
601 4460 722 4527 dicendi,
739 4475 769 4514 r.
787 4460 878 4532 Οιῐι.Ι
898 4458 1014 4514 Mueller
1030 4473 1078 4529 op.
1097 4458 1179 4516 laud.
1197 4474 1226 4522 n,
1242 4473 1273 4528 p.
1291 4457 1429 4524 482·485;

170 4551 205 4606 de
227 4551 408 4623 Antiphontis
427 4565 495 4621 gen.
523 4549 579 4606 dre.
603 4549 674 4606 ibid.
703 4564 735 4620 p.
755 4550 890 4614 lou-1783
916 4548 951 4603 de
981 4546 1153 4619 Thucydidis
1176 4561 1244 4617 geu.
1272 4545 1329 4602 dio.
1357 4544 1426 4600 ibid.

169 4657 210 4716 p..
227 4641 363 4709 208·215;
390 4638 427 4694 de
446 4639 536 4712 Lysioe
549 4655 617 4712 gen.
648 4639 705 4698 dic.
735 4638 804 4694 ibid.
832 4656 864 4710 p.
882 4638 950 4706 226;
977 4637 1013 4691 de
1033 4639 1170 4696 Isocratis
1186 4651 1255 4707 gen.
1275 4635 1334 4694 dio.
1355 4632 1426 4690 ibid.

169 4746 201 4801 p.
217 4731 351 4787 bil-249.
370 4759 407 4772 -
418 4728 466 4785 Gi.
484 4731 516 4785 J.
535 4728 647 4796 Girard,
664 4727 699 4783 de
718 4725 893 4784 l’Attieisme
907 4727 942 4782 de
957 4724 1074 4800 Lysim.
1334 4720 1337 4730 '
