3216 5408
630 1509 986 1658 rnomnrnn'

223 2070 288 2156 Qui
306 2071 502 2146 Cornelium
521 2081 555 2145 et
583 2071 765 2146 Racinium
791 2070 939 2168 graviter
971 2070 1232 2168 reprehendunt
1249 2073 1341 2168 quod
1369 2071 1430 2163 illi,

175 2211 242 2262 non
265 2211 401 2262 morum
428 2210 468 2262 ac
501 2199 698 2285 temporum
724 2186 901 2274 veritatem
936 2185 1060 2277 secuti,
1090 2184 1239 2260 nimium
1254 2186 1291 2260 in
1309 2187 1433 2262 fabulis

155 2302 282 2387 ‚atatis
310 2326 381 2377 suae
418 2325 532 2377 mores
557 2301 682 2376 imitati
712 2302 802 2391 sint,
841 2324 1039 2399 quanquam
1066 2324 1137 2375 non
1171 2301 1314 2376 omnino
1347 2301 1433 2377 salsa
1468 2331 1470 2335 ·

174 2418 286 2514 specie
304 2418 524 2515 decipiuntur
552 2440 661 2514 neque
692 2417 904 2516 malignitate
930 2418 1031 2517 plane
1059 2425 1285 2509 occaecantur,
1315 2427 1433 2494 tamen

175 2537 317 2610 modum
337 2536 372 2608 in
395 2534 720 2633 reprehensionibus
737 2535 1029 2633 parum‘tenuisse
1049 2533 1134 2607 mihi
1148 2534 1317 2609 videntur.
1338 2537 1432 2635 Ergo

174 2653 265 2748 apud
280 2652 437 2741 homines
453 2674 522 2726 non
553 2651 691 2748 quidem
713 2651 812 2745 plane
826 2650 930 2724 rudes
946 2650 1005 2725 sed
1035 2672 1308 2725 summarcrum
1326 2651 1434 2727 libare

172 2779 337 2858 assuetos,
354 2767 470 2863 opinio
492 2766 549 2860 illa
568 2767 742 2863 divulgata
761 2784 813 2841 est
827 2789 867 2841 ac
881 2765 982 2840 latius
994 2764 1144 2839 manavit
1161 2765 1265 2839 talem
1279 2766 1432 2850 veritatis

173 2882 414 2980 negligentiam
446 2893 505 2956 aut
523 2881 693 2956 inscitiam
730 2881 909 2981 proprium
941 2874 1069 2956 nostrae
1102 2882 1276 2978 tragoediae
1311 2884 1432 2958 uitium

173 3022 258 3090 esse,
294 3020 362 3095 quo
393 3007 523 3073 veteres
552 3010 612 3072 aut
636 3004 800 3074 externae
820 2997 945 3072 fabulae
962 2996 1327 3072 minimelahcrarent.
1354 2999 1431 3074 Non

172 3114 362 3192 absurdum
392 3114 498 3212 igitur
520 3114 596 3206 erit,
623 3125 738 3211 partes
767 3113 917 3189 veritatis
942 3123 1109 3204 tuentem,
1140 3114 1286 3189 scrutari
1315 3117 1432 3192 locum
1526 3108 1528 3113 ’

172 3232 286 3307 adhuc
314 3255 437 3330 parum
466 3233 697 3330 exploratum,
725 3256 838 3330 neque
863 3230 982 3306 inutile
1007 3231 1177 3307 videbitur
1203 3233 1432 3330 quaestionem

172 3373 300 3448 ponere
334 3373 379 3423 an
404 3361 438 3423 et
468 3349 511 3422 in,
536 3350 696 3443 praeclaro
730 3349 787 3423 illc
819 3347 990 3447 Sophocle
1027 3349 1085 3446 qui
1114 3332 1148 3424 et
1166 3350 1432 3426 Atheniensium

122 3481 125 3486 ’
171 3476 204 3542 et
223 3466 454 3541 recentiorum
488 3465 665 3540 communi
693 3487 835 3539 assensu
853 3465 944 3539 inter
979 3466 1227 3562 tragoediarum
1247 3465 1433 3565 scriptores

170 3582 399 3680 principatum
414 3578 556 3672 obtinet,
571 3581 605 3654 id
624 3581 716 3678 quod
735 3579 835 3654 multi
853 3579 985 3672 vitium,
1013 3604 1076 3656 nos
1091 3581 1173 3656 artis
1189 3584 1432 3659 necessitatem

171 3711 347 3796 putamus,
363 3697 472 3771 inscia
489 3696 670 3793 aequalium
689 3695 848 3786 imitatio,
864 3719 941 3770 vere
961 3697 1171 3795 deprehendi
1191 3697 1312 3795 possit.

220 3812 426 3911 Sophoclem
445 3812 524 3910 eligi
543 3813 674 3911 placuit
690 3814 782 3910 apud
796 3834 898 3910 quem
915 3836 954 3887 ea
973 3824 1025 3888 est
1039 3813 1159 3911 judicii
1185 3815 1378 3907 sinceritas,
1394 3840 1434 3891 ea

170 3932 295 4006 mentis
323 3931 483 4005 humanae
519 3929 672 4006 scientia·
693 3941 728 4006 et
748 3930 829 4004 artis
856 3931 1054 4028 prudentia,
1072 3943 1127 4024 ut
1155 3932 1360 4032 incorrupto
1397 3934 1433 4008 in

170 4048 325 4146 exemplo
364 4045 506 4143 quaestio
547 4057 661 4120 careat
705 4046 823 4120 alienis
857 4069 877 4120 a
912 4047 1089 4145 proposito
1127 4047 1431 4147 disceptationibus

170 4186 311 4261 remque
336 4185 441 4237 unam
474 4163 645 4257 possimus
675 4161 937 4260 circumscripta
962 4173 996 4238 et
1024 4163 1180 4261 simplice
1211 4165 1247 4238 in
1284 4167 1431 4243 materia

169 4268 257 4357 hene
273 4280 464 4357 enucleare.

215 4400 331 4474 Poetae
343 4384 402 4494 qui
416 4421 489 4473 rem
505 4396 680 4493 antiquam
694 4406 893 4495 veteresque
907 4419 1071 4494 personas
1083 4398 1120 4471 in
1132 4421 1272 4474 scenam
1281 4399 1427 4494 inducit,

169 4540 239 4592 non
251 4538 321 4590 una
336 4514 518 4589 difficultas
549 4512 762 4610 expedienda
789 4524 853 4606 est,
885 4538 993 4612 quum
1019 4515 1426 4593 vetustatissatisveram

117 4710 119 4714 ,
168 4631 317 4728 effigiem
331 4629 409 4703 velit
424 4628 614 4740 exprimere
632 4639 666 4702 et
685 4628 899 4704 audientium
909 4629 1040 4728 judicio
1053 4654 1093 4706 ac
1110 4632 1274 4729 voluptati
1291 4656 1426 4710 morem

169 4770 309 4847 gerere3
347 4747 390 4820 ad
420 4758 487 4821 hoc
510 4745 583 4845 ipse
609 4767 756 4829 sucrum
783 4745 966 4843 aequalium
998 4746 1041 4822 sit
1075 4747 1229 4824 moribus
1260 4749 1425 4844 imbutus
