3216 5408
742 359 994 435 -to-.

77 501 82 509 '
200 495 336 571 funesta
352 495 491 571 oraculo
510 493 671 592 praedicta
690 516 789 567 esse:
821 492 887 568 sibi
917 504 1066 566 matrem
1094 493 1300 586 ducendam,
1327 507 1461 591 patrem

154 666 160 674 .
200 610 426 685 occidendum
457 634 544 686 esse.
575 612 704 685 Verum
736 609 879 683 nuntios
906 607 1006 682 docet
1034 608 1206 706 Polybum
1233 632 1274 684 ao
1295 611 1462 708 Meropen

199 750 286 823 quos
305 751 385 802 suos
407 738 568 824 parentes
591 727 736 800 duxerat
758 725 906 821 OEdipus
932 736 1086 799 mortuos
1105 749 1191 816 esse,
1209 723 1361 801 ceterum
1380 741 1461 802 eum

200 863 279 915 oum
294 841 334 918 iis
351 843 445 915 uuila
462 841 761 938 consanguinitate
775 840 999 936 conjunctum
1019 863 1104 914 esse.
1124 841 1216 937 Ergo
1233 864 1312 915 cum
1325 843 1464 917 Jooasta

200 957 346 1054 OEdipus
377 950 547 1032 consentit
572 957 703 1030 nullam
729 956 834 1030 fidem
865 955 1013 1029 oraculis
1028 955 1263 1030 adhibendam
1283 981 1368 1050 esse,
1388 982 1464 1056 quae

199 1071 295 1147 nulla
308 1096 345 1146 re
360 1074 566 1160 confirmata
577 1072 714 1147 suerint.
734 1073 774 1146 ln
787 1072 919 1170 reliqua
935 1071 1051 1146 fabula
1066 1073 1272 1166 ostenditur,
1289 1098 1462 1172 quaecum-

199 1211 265 1285 que
281 1187 329 1262 dii
346 1211 406 1286 per
425 1191 567 1264 oracula
588 1213 628 1265 ac
656 1189 822 1263 Tiresiam
839 1189 1135 1286 significaverant,
1163 1213 1203 1264 ea
1223 1191 1339 1266 omnia
1356 1193 1462 1268 veris2

200 1302 287 1379 sima
302 1327 388 1379 esse.
1052 1319 1063 1342 ⁸

250 1421 293 1494 lit
308 1420 342 1494 in
363 1421 535 1519 Antigone
551 1421 647 1496 adest
665 1422 812 1496 Tiresias
838 1420 1023 1495 Creontem
1042 1423 1170 1497 docens
1185 1422 1266 1497 deos
1284 1424 1461 1520 exsequias

199 1538 369 1634 Polynicis
388 1539 462 1611 fieri
484 1537 619 1635 jubere,
634 1539 829 1635 Antigonen
856 1537 997 1627 multari
1012 1549 1124 1611 vetare
1143 1564 1150 1609 :
1172 1538 1231 1612 ubi
1253 1538 1300 1611 nil
1314 1541 1462 1636 proficit,
1476 1523 1487 1605 ’.
1576 1624 1579 1629 .

81 1678 84 1682 ’
199 1655 336 1752 tyranni
352 1654 571 1729 contumacia
599 1665 632 1728 et
664 1656 854 1729 audaeibus
879 1653 990 1728 verbis
1021 1666 1213 1750 asperatus,
1239 1654 1462 1731 imminentes

199 1770 339 1846 Creonti
353 1795 473 1869 poeuas
494 1771 660 1868 praedicit,
678 1795 719 1846 ao
732 1772 861 1847 recedit
884 1771 959 1845 dira
972 1771 1204 1846 exsecratione
1219 1773 1462 1868 perturbatum

199 1889 402 1985 sacrilegum
420 1888 627 1985 relinquens.

247 2003 328 2088 Quis
340 2026 409 2078 non
423 2002 666 2078 animadvertit
678 2016 807 2100 quanto
819 2003 971 2077 Tiresias
982 2003 1017 2076 in
1031 2002 1085 2076 his
1099 2002 1277 2100 tragoediis
1293 2003 1461 2100 majorem

198 2142 382 2217 personam
401 2141 504 2215 quam
532 2119 676 2194 Calchas
692 2120 783 2218 apud
802 2121 1006 2207 Homerum,
1027 2117 1212 2192 defendat?
1227 2119 1282 2192 Nil
1297 2119 1462 2194 humilius

198 2236 361 2332 precibus
391 2232 588 2308 Calchantis
615 2260 722 2332 quum
755 2246 898 2332 rogatus
926 2234 969 2309 ab
1000 2233 1130 2307 Achille
1146 2247 1184 2308 ut
1200 2236 1462 2333 causampestis

198 2352 351 2449 aperiat,
389 2357 560 2421 οἰωνοπόλων
587 2343 630 2438 ix'
656 2344 770 2439 ἄριστος
801 2353 875 2449 ipse
904 2351 1014 2450 poscit
1044 2351 1087 2424 ab
1118 2351 1249 2427 Achille
1277 2363 1314 2426 ut
1348 2377 1385 2428 se
1418 2352 1461 2426 ab

198 2468 294 2543 omni
321 2466 449 2565 injuria
485 2476 599 2540 tutum
629 2478 779 2564 praestet.
812 2468 968 2542 Atridam
1002 2489 1128 2563 nempe
1153 2466 1368 2558 reformidat,
1400 2491 1464 2544 neo

196 2583 569 2684 immerito‚3namque
600 2583 659 2656 ubi
689 2583 719 2657 is
749 2583 858 2656 audiit
885 2581 948 2656 sibi
981 2581 1146 2680 Chrysein
1174 2595 1334 2680 ereptum
1352 2583 1406 2674 iri,
1426 2584 1464 2658 in·

196 2722 273 2796 quae
289 2697 444 2774 convicia
459 2697 624 2794 erumpit!
776 2713 778 2716 ⁴
1564 2698 1565 2701 ’

246 2816 372 2890 Fateor
391 2813 558 2888 Tiresiam
586 2812 725 2911 probris
738 2835 779 2886 ao
794 2813 985 2888 maledictis
1002 2837 1022 2886 a
1042 2812 1180 2910 regibus
1195 2815 1322 2907 vexari,
1343 2839 1462 2893 verum
1488 2896 1490 2900 Α

198 2931 401 3030 dignitatem
433 2941 466 3003 et
484 2930 701 3023 maJestatem
730 2952 838 3026 usque
856 2928 990 3020 retinet,
1010 2951 1122 3026 neque
1137 2951 1174 3003 se
1189 2929 1331 3027 impune
1343 2932 1471 3008 lacessi¹

145 3053 147 3060 '
198 3048 338 3150 patitur.
371 3047 415 3139 Se
446 3044 541 3120 novit
559 3068 599 3119 ao
627 3046 807 3143 profitetur
835 3047 979 3119 deorum
1008 3044 1150 3120 numine
1178 3043 1323 3118 delendi.
1352 3046 1461 3123 Minas

92 3222 95 3229 -
197 3166 304 3264 igitur
334 3177 563 3262 tyrannorum
593 3163 734 3238 inlrase
757 3161 1111 3259 habet,gravissimus
1139 3162 1285 3236 deorum
1305 3163 1462 3239 minister

198 3292 302 3379 atque
329 3282 514 3377 interpres.
544 3269 669 3353 Nec'in
701 3279 872 3376 Antigone
902 3279 1012 3354 donee
1031 3290 1243 3369 arcessatur,
1279 3289 1461 3375 exspectat,

198 3421 318 3473 rerum
346 3396 438 3472 ultro
468 3395 659 3471 intervenit.
691 3395 864 3494 Religioso
884 3397 1034 3493 quodam
1059 3396 1206 3470 horrore
1221 3417 1331 3469 oaecus
1359 3417 1463 3472 senex
1505 3437 1507 3440 >

199 3511 447 3598 circumdatur,
464 3510 522 3607 qui
537 3512 653 3585 aulam
679 3533 804 3609 rogum
831 3510 1022 3606 ingreditur
1039 3521 1079 3584 ut
1100 3510 1293 3584 coelicolum
1311 3510 1463 3608 imperia

199 3626 411 3726 pronuntiet,
444 3628 732 3724 audientibusque
761 3627 861 3702 nobis
893 3650 1012 3702 severa
1044 3626 1183 3702 dictain
1200 3638 1353 3702 mentem
1373 3626 1463 3702 venit

197 3744 399 3822 iudaeorum
418 3745 669 3847 prophetarum
697 3745 838 3844 regibus
864 3744 975 3842 pravis
1004 3744 1155 3819 divinam
1177 3743 1344 3819 ultionem
1358 3742 1461 3818 mini·

198 3862 362 3936 tantium.
1052 3860 1054 3862 ’

126 4063 138 4087 .
248 3978 399 4077 Haecpia
425 3977 461 4052 in
492 3989 650 4055 mortuos
665 3978 787 4072 officia,
798 3981 871 4055 haec
901 3977 1087 4054 necessitas
1115 3977 1364 4074 expiationum,
1388 3979 1461 4054 haec

197 4089 417 4170 Providentia
443 4117 483 4169 ex
517 4095 586 4169 alto
618 4096 704 4170 coelo
735 4119 796 4194 per
814 4095 992 4170 ministros
1024 4092 1140 4168 omnia
1157 4093 1355 4190 gubernans
1371 4094 1461 4170 bene

197 4219 340 4285 mouent
360 4209 492 4307 ingenti
513 4234 685 4287 annorum
718 4211 829 4310 spatio
861 4210 1042 4308 Sophoclis
1059 4209 1242 4307 tragoedias
1260 4221 1462 4287 aretustate

197 4327 382 4404 Homerica
395 4328 536 4405 distare.
974 4348 978 4355 ’
