3216 5408
219 493 259 567 ln
288 491 459 587 Antigone
493 491 707 568 calamitates
736 494 862 591 quibus
897 495 1022 569 domus
1057 491 1213 567 Creontis
1243 491 1429 589 affligitur,

169 609 332 684 oriuntur
343 635 383 684 ex
394 609 500 707 ipsius
517 610 607 705 regis
622 609 751 684 nefaria
763 611 952 702 voluntate,
987 609 1111 709 grandi
1138 609 1275 705 piaculo
1302 609 1431 706 dignis·

170 726 269 816 sima,
285 726 501 824 quivetuerit
521 748 645 823 corpus
658 726 829 825 Polynicis
848 726 1001 825 sepeliri,-
1016 738 1094 823 post
1115 735 1249 801 atroces
1263 727 1306 800 ab
1333 725 1431 825 Anti-

171 865 260 940 gone
281 844 325 917 ob
340 843 534 939 neglectum
554 842 741 939 imperium
771 865 888 938 poenas
906 843 1106 940 sumpserit.

219 961 257 1034 ln
273 960 409 1034 Electra
423 959 576 1033 ridemus
606 960 649 1033 ab
664 959 822 1057 Apolline
843 961 987 1034 missum
1020 961 1129 1034 filium
1161 959 1432 1058 Agamemnonis

170 1077 468 1174 aGlytaemnestra
483 1083 516 1148 et
533 1073 689 1171 AEgistho
709 1075 879 1164 terribiles
897 1099 1017 1173 poenas
1037 1099 1191 1151 sumere.
1223 1076 1278 1149 Nil
1292 1075 1432 1172 quidem

171 1194 343 1270 Homerus
357 1193 399 1266 de
410 1190 503 1266 caede
516 1191 636 1264 matris
652 1189 757 1264 refert
776 1215 880 1288 quam
904 1192 1116 1267 recentiores
1136 1204 1247 1290 poetae
1275 1191 1433 1266 videntur

171 1311 307 1385 linxisse
326 1332 370 1384 ne
385 1307 466 1405 quid
483 1307 642 1403 perfectae
657 1306 841 1406 expiationi
861 1309 1007 1384 deesset.
1035 1310 1126 1382 Dum
1141 1325 1285 1385 matrem
1307 1308 1434 1383 occidit
1461 1305 1463 1349 ἶ

134 1451 136 1455 ·
172 1427 322 1519 Orestes,
339 1425 430 1501 canit
445 1424 699 1498 chorusrersus
712 1423 761 1498 rei
776 1423 974 1521 aptissimos
992 1450 999 1497 :

164 1693 166 1695 ‚
210 1608 416 1671 Perficiuntur
436 1609 679 1687 imprecationes
697 1629 703 1668 :
720 1609 872 1671 virunt'ii
891 1627 971 1688 quos
984 1611 1098 1671 humus
1114 1610 1194 1689 tegit
1206 1627 1217 1670 ·:
1234 1609 1431 1687 reciprocum

172 1707 256 1768 euim
268 1708 444 1769 occisurum
456 1707 639 1788 sauguinem
653 1708 832 1770 subducunt
849 1709 966 1770 dudum
980 1709 1136 1787 perempti
1170 1707 1221 1787 (V.
1239 1705 1316 1768 1'549
1330 1705 1393 1785 sq.)

220 1901 295 1977 Alio
313 1912 429 1978 autem
445 1903 520 1977 loco
529 1900 604 2000 jam
619 1903 758 1992 chorus,
781 1903 905 1977 veteris
934 1901 1057 1977 fabulae
1086 1923 1234 1993 mernor,
1255 1895 1432 1996 Pelopidis
1497 1895 1501 1904 “

172 2041 311 2094 causam
326 2018 546 2096 miseriarum
556 2043 597 2096 ac
612 2020 781 2096 scelerum
805 2018 982 2117 antiquam
1012 2018 1102 2094 atari
1120 2017 1301 2116 perfidiam
1326 2012 1433 2090 exsti·
1489 2005 1492 2010 ’

172 2134 253 2210 tisse
265 2137 452 2211 edocuerat
467 2160 475 2207 :

211 2319 236 2379 0
253 2318 411 2381 laboriosa
425 2320 580 2399 aurigatio
593 2321 750 2412 quondam
764 2322 901 2402 Pelopis,
917 2339 1008 2399 quam
1024 2322 1166 2382 luctuosa
1195 2319 1343 2382 exstitisti
1358 2318 1432 2382 huic

172 2426 265 2478 terrac
281 2419 325 2495 (V.
341 2418 399 2479 504
409 2417 459 2498 sq)
475 2421 481 2476 l

221 2612 429 2703 Philoctetes
448 2579 585 2712 quoque
604 2616 649 2691 ob
669 2615 859 2691 admissum
879 2614 1096 2715 sacrilegium
1115 2627 1287 2716 aegrotat:

211 2796 299 2858 Enim
327 2798 402 2858 vero
431 2798 541 2858 morbo
570 2799 630 2860 hoc
656 2799 814 2861 afflictaris
851 2800 1019 2879 divinitus,
1045 2810 1212 2882 postquam
1242 2802 1281 2861 ad
1304 2801 1434 2879 Chryses

62 2876 71 2916 ⁸·
173 2896 333 2956 custodem
344 2895 516 2975 accessisti,
531 2896 586 2974 qui
598 2897 739 2958 subdiale
753 2898 853 2960 altare
867 2900 1005 2960 custodit
1018 2899 1155 2977 occulte,
1176 2898 1311 2960 aedituus
1324 2899 1434 2978 anguis

172 2991 220 3072 (V.
240 2995 411 3074 1326sqq.)

220 3175 372 3250 Deorum
385 3172 486 3269 igitur
500 3195 564 3269 ope
582 3186 616 3248 et
634 3174 809 3250 voluntate
837 3177 1007 3253 scelerum
1021 3177 1059 3251 fit
1076 3177 1110 3251 in
1132 3177 1297 3275 tragoedia
1313 3178 1431 3276 expia-

160 3288 245 3364 tio:
267 3300 426 3386 superest
451 3300 489 3364 ut
523 3313 718 3388 quaeramus
734 3317 801 3390 qua
824 3293 956 3369 ratione
980 3295 1026 3369 dii
1056 3320 1110 3372 res
1136 3296 1307 3371 humanas
1342 3295 1433 3393 apud

174 3406 381 3503 Sophoclem
399 3419 521 3505 regant
534 3431 574 3482 ac
589 3408 824 3482 moderentur.
840 3407 942 3505 Apud
955 3410 1149 3486 Homerum
1162 3411 1300 3508 quidem
1315 3410 1434 3508 superi

172 3523 238 3621 ipsi
265 3525 369 3626 rebus
397 3525 555 3623 gerendis
573 3525 759 3618 intersunt,
779 3549 889 3624 neque
903 3529 945 3602 de
964 3552 1101 3603 summo
1122 3528 1266 3628 Olympo
1295 3539 1433 3603 tantum

174 3664 249 3738 quae
269 3641 304 3715 in
326 3642 426 3717 terris
444 3656 592 3740 agantur
611 3644 823 3740 despectant,
835 3666 953 3719 rerum
970 3656 1004 3718 et
1022 3644 1226 3721 auctoritate
1239 3654 1273 3719 et
1290 3645 1320 3718 vi
1345 3668 1434 3743 prae-

173 3756 434 3859 sentiacceptos
448 3759 571 3834 heroas
596 3757 731 3856 jurant,
754 3760 856 3834 utrel
880 3761 1043 3858 congredi
1057 3762 1092 3834 in
1108 3761 1232 3858 praeliis
1256 3783 1337 3836 corn
1355 3759 1435 3835 viris

173 3871 300 3967 invisis,
330 3875 514 3950 autetiam
541 3875 632 3950 inter
657 3899 693 3950 sc
719 3877 863 3951 soleant.
893 3873 1026 3951 Caelum
1049 3900 1129 3952 cum
1159 3874 1261 3951 terris
1283 3899 1435 3975 persaepe

175 3989 392 4066 commisceri
418 3991 592 4095 videmus.
611 3993 661 4068 Ile
693 3992 747 4067 his
770 3993 844 4090 jam
874 4017 991 4091 supra,
1021 3993 1080 4068 ubi
1108 3992 1299 4068 Homericae
1324 3992 1436 4068 aetatis
1557 4024 1564 4054 ι

174 4105 374 4180 adumbrari
385 4106 573 4204 imaginem
587 4110 751 4207 oportuit,
765 4108 896 4183 dictum
912 4120 974 4184 est.
990 4109 1089 4185 Tales
1105 4132 1245 4207 prorsus
1259 4108 1437 4185 vetustatis
1456 4193 1466 4204 ὴ

175 4221 347 4300 dedivina
375 4236 501 4300 natura
534 4248 655 4301 sensus
687 4225 798 4302 luere.
828 4226 965 4324 Ubique
996 4227 1140 4302 deorum
1159 4226 1377 4302 iudustriam
1403 4236 1438 4300 ct

114 4388 118 4392 -
175 4360 320 4413 manum
344 4340 448 4416 homo
479 4340 623 4432 videbat,
649 4363 761 4438 neque
791 4341 934 4416 numine
956 4342 1026 4417 alto
1057 4341 1280 4440 providentiae
1311 4340 1355 4415 ab
1383 4338 1438 4414 his
1507 4394 1510 4399 «

174 4453 273 4529 terris
291 4466 432 4531 remotae
450 4479 491 4532 ac
508 4457 622 4533 divisa
641 4479 757 4532 rerum
775 4454 939 4532 ordinem·
954 4456 1184 4532 administrari
1202 4457 1315 4532 adhuc
1331 4453 1448 4530 intel-

175 4565 340 4644 lexerant.
356 4571 492 4646 Sensim
519 4572 698 4648 meliorem
717 4570 910 4646 doctrinam
941 4583 975 4646 et
1004 4571 1115 4670 magis
1140 4571 1263 4647 divinae
1276 4567 1438 4668 dignitati
1535 4584 1536 4588 ‘

174 4687 473 4762 accommodatam
496 4687 605 4765 Graeci
623 4687 785 4780 didicere,
804 4702 853 4780 ut,
871 4689 897 4762 si
920 4690 1057 4786 quando
1073 4688 1208 4764 divinus
1224 4688 1438 4764 interventus
1531 4746 1534 4751 .

74 4844 78 4850 -
175 4799 286 4896 lieret,
305 4813 430 4901 prater
447 4805 735 4882 consuetudinem
764 4804 929 4882 accidisse
945 4804 1129 4882 rideretur.
1145 4805 1273 4884 Contra
1286 4823 1440 4897 morem,
