3216 5408
712 392 756 406 -
786 349 833 425 38
856 391 905 408 ·-·
994 353 995 356 ‘

179 479 272 575 quod
284 500 433 554 armore
445 479 567 574 luerat,
585 483 793 558 miraculum
803 483 877 580 jam
894 483 1094 583 apparebat.
1110 484 1192 570 Quae
1206 485 1321 584 opinio
1335 484 1439 561 etiam

179 594 354 692 tragoediae
376 597 532 694 quaedam
560 597 614 672 lex
641 599 731 674 lacta
757 611 821 691 est,
849 611 887 675 ut
907 610 1015 698 poetae
1040 603 1280 678 tantummodo
1301 603 1383 677 deos
1401 602 1439 676 iu

177 733 316 787 scenam
330 712 493 788 inducere
510 713 627 790 liceret
653 716 832 799 sinesin
858 717 1168 815 implicatissimam
1197 713 1439 794 difficultatem
1485 760 1487 765 =

165 823 377 1016 {currisset
389 853 465 927 quae
478 829 577 906 aliter
592 831 745 928 expediri
759 854 828 906 non
842 844 971 929 posset.
986 833 1087 909 Unde
1114 843 1327 932 praeceptum
1352 833 1448 908 illud.

210 942 335 1019 oratii:
813 964 816 970 ·
1197 968 1201 977 ·
1285 983 1288 991 ·
1342 942 1347 948 ’

334 1149 397 1208 Neo
411 1148 488 1210 daus
501 1147 627 1212 intersit
640 1148 699 1211 nisi
715 1149 827 1230 dignus
841 1112 964 1213 uindice
979 1150 1081 1214 nodus

339 1245 513 1328 inciderit(
533 1249 557 1329 ).

224 1439 324 1538 Apud
340 1443 548 1541 Sophoclem
561 1444 598 1518 in
611 1444 718 1543 Ajace
734 1445 969 1520 etPhiloctete
988 1444 1117 1519 divinas
1133 1466 1298 1542 personas
1314 1446 1437 1521 adesse

175 1555 210 1630 in
237 1582 340 1635 scena
370 1561 535 1637 videmus
563 1562 676 1637 Pallas
696 1574 735 1637 ut
752 1563 910 1661 Ulyssem
928 1572 1079 1637 servaret
1105 1562 1161 1637 cui
1185 1584 1322 1659 semper
1335 1561 1437 1653 iavet,
1473 1585 1477 1594 ·

177 1673 351 1753 dementia
381 1678 512 1775 Ajacis'
540 1680 694 1754 mentem
727 1679 886 1768 turbavit,
904 1690 937 1752 et
965 1687 1079 1753 amato
1097 1678 1194 1753 heroi
1212 1677 1350 1774 exponit
1381 1675 1437 1752 oui

175 1792 312 1866 vecordi
330 1793 471 1868 insaniae
485 1794 681 1870 Telamonis
699 1795 791 1869 filius
806 1793 1001 1868 indulserit.
1021 1793 1062 1866 ln
1079 1794 1272 1869 Philoctete
1286 1796 1435 1872 interve·

174 1906 416 1986 nit..llereules
447 1909 546 2007 cujus
582 1910 734 1985 nomine
758 1911 832 2007 jam
862 1919 935 1984 tota
963 1908 1079 1983 labula
1102 1908 1205 2005 plena
1231 1921 1293 2000 est,
1326 1935 1435 2008 quum

175 2019 301 2098 Graecis
318 2023 460 2099 uictoria
477 2047 546 2099 non
571 2025 643 2100 sine
661 2016 839 2100 Herculeis
859 2025 933 2100 telis
962 2023 1069 2121 possit
1087 2024 1310 2122 contingere;
1330 2025 1437 2102 inter·

173 2140 396 2216 venitautem
414 2140 494 2236 quia
512 2140 705 2215 nodusalia
722 2163 788 2237 ope
814 2139 1055 2215 inextricabilis
1079 2137 1212 2214 incidit.
1248 2141 1378 2216 Verum
1399 2142 1435 2215 in
1464 2136 1465 2139 ’

174 2255 340 2352 tragoedia
356 2255 548 2352 Sophoclea
565 2255 609 2330 dii
632 2279 691 2352 per
705 2256 843 2331 oracula
863 2267 896 2330 et
914 2254 1046 2329 divinos
1060 2254 1184 2352 saepius
1198 2279 1297 2330 suam
1313 2257 1436 2333 volun-

174 2383 280 2447 tatem
312 2371 511 2447 hominibus
530 2371 708 2447 enuntiare
725 2373 861 2448 solent:
884 2395 952 2470 qua
977 2371 1080 2446 etiam
1110 2383 1207 2469 parte
1235 2396 1308 2448 suae
1326 2375 1435 2450 aetatis

175 2511 308 2564 morem
328 2489 515 2586 Sophocles
543 2489 711 2586 sequitur.
732 2489 841 2564 Graeci
868 2489 973 2578 enim,
995 2513 1103 2585 quum
1131 2512 1239 2585 usque
1261 2490 1436 2565 existima-

174 2615 252 2680 rent
269 2605 381 2682 diuino
399 2606 542 2681 numine
570 2630 624 2682 res
642 2607 814 2682 humanas
833 2607 917 2703 regi,
935 2605 1226 2680 tamenaltiorem
1245 2607 1435 2682 Providen-

173 2721 229 2795 tiae
249 2721 700 2819 notionemuonceperant,
731 2746 841 2820 neque
870 2722 963 2818 ipsos
999 2723 1080 2795 deos
1107 2721 1142 2793 in
1172 2720 1271 2796 terris
1306 2723 1435 2798 uersari

173 2842 358 2933 putabant,
381 2861 500 2912 verum
515 2838 637 2912 docere
657 2838 821 2912 mortales
834 2860 896 2934 per
909 2836 1050 2911 oracula
1066 2846 1100 2910 et
1126 2834 1243 2910 omina
1259 2859 1435 2934 quaecum·

173 2975 239 3049 que
253 2955 414 3050 cognosci
428 2978 566 3030 necesse
584 2965 684 3030 esset.
702 2954 792 3029 Hinc
805 2953 991 3050 illaingens
1003 2952 1229 3027 oraculorum·
1243 2953 1433 3031 auctoritas

173 3093 214 3146 ac
225 3071 397 3170 imprimis
417 3072 544 3147 oraculi
563 3071 707 3169 Pythici.
724 3073 772 3144 De
786 3070 926 3168 Delphis
944 3092 985 3143 ac
1002 3068 1130 3166 Sibylla
1144 3068 1229 3141 nihil
1246 3069 1302 3144 hic
1316 3070 1434 3155 dicen,-

174 3188 282 3286 dum:
311 3195 354 3263 de
381 3188 501 3263 divinis
518 3198 552 3262 et
566 3186 740 3262 ominibus
758 3186 875 3261 forsan
907 3184 1005 3259 venia
1023 3184 1162 3258 dabitur
1194 3184 1434 3282 Xenophontis

172 3307 371 3403 exemplum
414 3303 581 3380 afferenti.
625 3303 819 3400 Imperator
857 3300 1016 3400 egregius
1048 3301 1136 3378 dum,
1166 3301 1293 3376 Decem
1329 3300 1436 3376 Millia

71 3414 74 3424 '
171 3419 228 3496 illa
255 3422 380 3520 inclyta
423 3421 459 3495 in
490 3407 656 3496 Graeciam
694 3419 895 3511 reducebat,
927 3417 1022 3494 omni
1048 3417 1085 3491 in
1120 3416 1318 3493 discrimine
1350 3418 1434 3494 deos

173 3538 388 3629 consulebat,
401 3548 504 3634 atque
519 3537 554 3610 in
565 3536 654 3610 libro
668 3537 794 3634 pietate
809 3558 893 3634 erga
911 3534 1114 3630 magistrum
1132 3533 1261 3631 insigni
1281 3533 1434 3632 primurn

172 3677 235 3730 nos
268 3656 368 3730 docet
394 3652 574 3729 Socratem
595 3651 806 3726 divinatione
822 3653 937 3749 palam
955 3671 995 3724 ac
1007 3647 1194 3745 saepissime
1207 3648 1257 3723 uti
1275 3648 1431 3724 solitum.

173 3767 261 3854 Quid
276 3768 477 3845 AEschinem
504 3767 651 3843 reseram
678 3767 737 3865 qui
755 3765 878 3842 acerbe
897 3762 1120 3839 Demostheni
1138 3775 1320 3838 succenset
1342 3763 1434 3861 quod
1507 3849 1508 3853 y

172 3883 299 3961 Graecis
323 3898 362 3960 ut
387 3886 566 3984 pralium,
591 3883 721 3958 infestis
748 3881 942 3973 ominibus,
966 3879 1102 3972 inirent,
1129 3880 1365 3976 persuaserit?
1385 3921 1436 3938 -

172 3989 241 4080 Sed
260 4004 440 4101 Sophoclis
457 4003 590 4079 fabulas
609 4003 817 4078 evolvamus.

220 4121 261 4194 ln
293 4119 393 4218 Ajace
430 4120 572 4196 Calchas
603 4118 728 4194 dieitur
754 4115 932 4192 nuntiasse
973 4116 1055 4191 deos
1089 4122 1206 4190 vetare
1241 4113 1382 4212 Ajacem
1414 4138 1434 4191 e

170 4234 393 4310 tabernaculo
408 4258 448 4311 ea
468 4235 522 4310 die
537 4257 605 4333 qua
622 4256 677 4310 res
692 4233 818 4332 agitur,
839 4231 941 4308 exire.
963 4230 1064 4306 Parvi
1089 4230 1229 4328 quidem
1258 4241 1433 4306 momenti
1535 4235 1545 4245 '

170 4351 336 4428 indicium
365 4374 439 4428 esse
469 4352 644 4445 uideatur,
675 4362 795 4427 tamen
829 4349 924 4425 haud
949 4347 1070 4423 inutile
1101 4357 1164 4441 est,
1202 4370 1310 4446 quum
1352 4347 1434 4424 inde

171 4468 295 4545 Teucri
312 4468 477 4545 adventus
493 4467 615 4543 melius
630 4466 832 4565 explicetur.
847 4465 1007 4540 Persona
1020 4474 1137 4538 autem
1156 4462 1284 4557 divina,
1304 4463 1432 4567 Pallas,

206 4719 241 4792 ll)
257 4719 299 4776 Ad
313 4720 409 4789 Pison,
426 4735 456 4776 v.
473 4720 538 4778 191.
553 4749 586 4763 —
599 4742 611 4766 u
623 4718 662 4776 m
672 4717 772 4794 tragici
782 4723 881 4792 poeta,
896 4729 984 4791 quum
998 4711 1139 4790 explicare
1152 4711 1312 4789 argumenti
1323 4712 1431 4776 exitum

170 4824 232 4902 non
243 4811 373 4884 potesta,
390 4810 549 4885 confugitis
561 4812 708 4871 addeum
726 4837 739 4863 n
756 4813 860 4882 cicer,
878 4811 995 4868 de-Nat.
1013 4811 1111 4880 Deor„
1125 4816 1146 4878 i,
1162 4812 1207 4880 20,
1224 4812 1269 4866 5³.
