3216 5408
719 390 767 410 ..„
792 355 914 430 pp...

187 501 365 587 gestarum
401 487 556 563 ordinem
592 497 726 564 tantum
759 471 911 566 evolvere
955 492 1116 566 solerent.
1156 491 1225 565 Cur
1266 504 1444 590 tantopere
1507 484 1511 503 '

185 606 331 708 legendo
350 604 476 702 OEdipo
490 609 651 702 Tyranno
667 629 939 711 commovemur,
953 630 1060 704 quom
1075 596 1190 681 miseri
1210 606 1298 702 regis
1314 619 1443 681 sortem

63 750 67 755 ·
178 722 388 821 jampridem
405 817 408 823 μ
425 733 543 797 notam
570 723 785 798 habeamus‘.l
813 739 989 800 certamen
1018 748 1142 820 nempe
1168 724 1353 820 affectuum
1386 724 1443 821 qui

153 852 155 857 '
183 841 317 939 animos
333 839 465 938 agitant
478 862 706 936 personarum
725 841 913 930 intuemur,
936 865 1046 938 spem,
1067 842 1167 930 iram,
1202 841 1441 938 aegritudinem

182 981 258 1055 quae
274 957 422 1032 vicissim
449 967 640 1032 nascuntur
669 968 707 1032 ut
730 981 784 1032 res
813 959 1018 1056 procedunt,
1044 957 1142 1032 avide
1156 958 1440 1055 contemplantes.

182 1075 394 1149 lmmoratur
414 1064 449 1147 in
479 1073 635 1148 moribus
670 1073 907 1149 describendis
923 1088 1038 1178 poeta,
1059 1073 1212 1171 quiinde
1232 1072 1317 1147 sciat
1339 1096 1441 1147 suum
1495 1149 1496 1152 ,

180 1214 267 1286 opus
281 1189 467 1264 novitatem
478 1187 681 1262 habitorum
695 1200 726 1262 et
740 1187 888 1285 gratiam
903 1189 1116 1263 audientium
1131 1189 1340 1285 adepturum
1355 1211 1441 1278 esse,

178 1306 251 1403 ipse
270 1317 383 1400 autem
402 1304 511 1379 multo
538 1304 648 1402 magis
667 1304 845 1385 aflectibus
874 1305 1097 1380 observandis
1112 1327 1217 1402 quam
1234 1304 1437 1379 rebusnar-

179 1421 296 1499 randis
312 1420 515 1496 delectetur.

226 1539 279 1612 lta
297 1536 519 1635 alpricorum
535 1533 728 1609 carminum
743 1546 821 1609 ortu
836 1536 878 1609 ad
897 1534 1052 1611 florentis
1072 1534 1248 1631 tragoediae
1266 1546 1436 1632 tempora,

176 1667 258 1732 aetas
277 1676 420 1752 quaeque
436 1652 473 1725 in
482 1652 668 1726 tractandis
684 1653 787 1728 robus
804 1653 953 1752 antiquis
981 1667 1147 1750 tanquam
1169 1666 1337 1750 praesente
1357 1665 1439 1727 nota

177 1771 322 1870 signavit
340 1782 523 1868 poetarum
543 1792 660 1865 opera.
682 1768 735 1843 lta
755 1757 941 1866 Sophocles
961 1770 1379 1844 adductusestot·minus
1394 1770 1436 1843 de

89 1983 91 1986 y
176 1912 295 1966 rerum
309 1885 485 1962 vetustatis
515 1886 708 1962 imitatione
723 1887 912 1975 laboraret,
929 1886 1315 1984 totusqueellingendis
1329 1885 1436 1960 vivide

177 2007 336 2081 moribus
361 2004 610 2102 affectibusque
641 2004 870 2096 incumberet,
889 2005 965 2080 felir
1000 2004 1137 2100 quidem
1164 2002 1347 2102 prudentia
1362 2001 1433 2099 qni,

177 2145 375 2221 quanquam
391 2123 432 2196 ad
446 2122 622 2219 praesentis
647 2121 709 2196 aevi
729 2121 958 2213 imitationem
988 2120 1037 2195 sic
1055 2119 1302 2208 deducebatur,
1319 2131 1435 2193 tamen

176 2240 323 2314 heroum
342 2239 559 2335 majestatem
585 2261 756 2335 nusquam
787 2237 980 2319 bumilitate
1017 2236 1150 2334 abjecta
1168 2235 1434 2310 dedecoraverit.

175 2356 341 2430 Summus
358 2354 450 2430 enim
465 2367 577 2452 poeta,
591 2365 630 2428 ut
638 2357 798 2451 aequales
812 2354 1001 2452 reverentia
1011 2354 1066 2451 pia
1079 2361 1279 2428 volutatem
1291 2353 1435 2441 colebat,

173 2495 294 2546 verum
314 2474 399 2546 dum
418 2472 543 2547 camin
561 2495 699 2546 scenam
718 2471 917 2563 inducebat,
943 2471 1100 2568 priorum
1120 2480 1301 2566 poetarum
1322 2491 1436 2544 exem·
1497 2555 1501 2566 ‚

173 2590 230 2687 plo
246 2590 343 2687 quasi
355 2589 518 2664 invitatus
529 2590 693 2686 novisque
706 2589 870 2663 doctrinis
884 2601 1018 2679 auctus,
1034 2588 1115 2661 artis
1129 2589 1277 2684 denique
1295 2589 1435 2685 tragicae

72 2763 73 2766 ,
171 2705 268 2802 leges
290 2705 420 2802 optima
447 2704 651 2802 intelligens,
689 2727 800 2801 neque
830 2703 963 2800 epicam
976 2703 1118 2779 Homeri
1146 2703 1433 2798 magnitudinem,

173 2846 285 2920 nequo
309 2821 450 2920 lyricam
469 2820 854 2919 AEsohylitragoediam
884 2820 1078 2894 inconsulte
1109 2810 1246 2895 secutus
1261 2836 1330 2910 est;
1352 2843 1432 2917 ergo

172 2939 376 3014 necessitate
394 2939 542 3035 quadam
572 2937 775 3035 cogebatur,
809 2938 891 3011 dum
919 2946 1077 3012 naturam
1105 2960 1142 3011 re
1173 2936 1237 3010 sibi
1255 2936 1430 3034 cognitam

172 3078 378 3152 morumque
403 3053 586 3128 veritatem
613 3052 777 3149 effingere
797 3052 980 3148 cupiebat,
1015 3051 1238 3127 circumferre
1257 3053 1377 3129 oculos
1398 3066 1432 3128 et

171 3171 603 3268 praesentiumtemporum
621 3169 772 3266 aliquam
786 3167 821 3241 in
837 3168 999 3264 operibus
1021 3168 1209 3266 imaginem
1223 3169 1427 3266 exprimere.

168 3331 217 3344 -
236 3288 271 3362 Si
295 3287 426 3385 species
440 3309 545 3371 vanas
560 3309 751 3376 removeas,
767 3284 794 3358 si
812 3284 1101 3382 personisdemas
1121 3283 1259 3360 heroica
1275 3286 1429 3378 nomina,

171 3403 199 3477 si
216 3402 329 3501 apicas
345 3401 477 3515 sabulos
505 3402 730 3492 obliviscaris,
762 3400 792 3475 si
815 3401 920 3475 salsus
934 3401 1048 3476 nullus
1060 3402 1134 3500 jam
1147 3402 1285 3477 habitus
1298 3402 1431 3477 veritati

171 3511 394 3607 obtendatur,
430 3520 587 3618 protinus
615 3532 782 3618 appareat
810 3519 955 3609 erudita,
977 3531 1131 3611 strenua,
1149 3532 1273 3619 arguta
1287 3518 1430 3594 Periclis

169 3643 270 3708 aetas:
290 3637 382 3733 quod
400 3637 583 3733 quidemin
596 3635 819 3734 sequentibus
830 3635 982 3733 plurima
999 3637 1155 3734 exempla
1169 3636 1258 3712 bene
1269 3636 1430 3712 demons-

172 3750 328 3826 trabunt.
1245 3751 1248 3757 ’
