3216 5408
186 526 474 625 conjux,quema
494 527 557 602 diis
576 527 707 603 monita
723 529 847 626 exponi
862 530 1027 627 jusserat,
1041 552 1085 605 ne
1115 540 1249 629 patrem
1270 529 1441 606 occideret

186 656 404 741 matremque
416 642 573 730 nefandis
586 643 713 742 nuptiis
724 646 1170 742 uxoremassumeret.Ergo
1182 646 1315 743 pavida,
1327 645 1442 721 exani·

184 759 250 835 mis
267 773 343 834 orat
356 759 581 856 obsecratque
616 760 726 832 virum
754 783 797 834 ne
830 783 923 834 vanae
951 759 1206 858 investigationi
1237 760 1440 858 indulgeat:
1491 844 1494 865 ¹

185 876 330 973 OEdipus
362 898 441 951 vero
468 875 710 951 molestissime
732 899 853 973 preces
888 877 984 958 audit
1018 878 1075 974 qui
1108 899 1216 974 genus
1243 877 1443 951 suumvelit

184 990 328 1065 scrutari
346 1014 450 1089 seque
468 1013 488 1064 a
518 990 638 1089 regina
656 1001 896 1089 contemptum
920 1001 1017 1089 putet
1045 991 1090 1066 ob
1107 991 1243 1088 ignotos
1257 1001 1435 1089 parentes.

183 1107 384 1204 Respondet
398 1105 631 1182 acerbissimis
644 1107 757 1182 uerbis
778 1132 786 1179 ε

221 1309 423 1371 Bonoanimo
439 1307 643 1389 es3tuenim‚
676 1308 735 1369 etsi
760 1323 777 1368 a
801 1307 893 1369 tertia
922 1307 995 1369 inde
1024 1325 1124 1387 usque
1145 1317 1245 1370 matre
1274 1308 1441 1388 tripliciter

181 1423 289 1469 servus
302 1424 490 1488 apparuero,
504 1405 602 1469 nihilo
617 1405 756 1468 deterior
772 1406 835 1467 eris
849 1404 895 1484 (lt
914 1407 990 1466 1062
1004 1405 1079 1487 sq).

227 1625 337 1700 Instat
355 1624 471 1700 infelix
490 1624 643 1723 petitque
661 1624 786 1700 obnixe
805 1649 848 1700 ue
866 1624 1049 1700 eonsilium
1068 1585 1272 1721 exsequatur
1305 1649 1313 1695 :
1333 1621 1439 1721 perti-

85 1794 89 1802 .
179 1741 297 1816 uanius
316 1740 372 1815 ille
391 1740 427 1814 in
441 1741 611 1828 sententia
642 1732 772 1816 haeret.
806 1740 903 1814 Tunc
929 1762 1048 1816 vocem
1074 1739 1211 1814 locasta
1236 1732 1438 1814 horribilem

179 1855 305 1930 emittit
326 1881 334 1928 :
772 1864 775 1872 '

219 2043 244 2104 Ο
259 2040 393 2103 infauste
408 2086 417 2122 ,
432 2041 550 2103 utinam
566 2059 723 2121 nunquam
740 2043 821 2105 scias
835 2042 888 2120 qui
898 2043 941 2104 sis
964 2040 1011 2124 (V.
1024 2042 1112 2123 1068)
1130 2045 1137 2102 t
1241 2058 1242 2063 ¹

226 2252 270 2324 At
286 2251 432 2350 OEdipus
446 2255 566 2330 eadem
595 2257 756 2353 opinione
777 2257 944 2353 deceptus
960 2277 1031 2331 non
1050 2254 1206 2351 intelligit
1228 2254 1331 2328 aliam
1349 2254 1435 2328 tanti

176 2378 314 2467 angoris
328 2392 467 2445 causam
480 2382 582 2468 atque
598 2375 746 2469 regalem
766 2371 966 2470 superbiam
983 2373 1099 2464 latere,
1114 2369 1148 2446 et
1163 2371 1306 2446 minime
1321 2381 1435 2446 motus

176 2486 255 2559 sinit
271 2487 450 2561 mulierem
475 2491 640 2564 excedere
660 2489 879 2563 morituram.
900 2489 1238 2564 Solusauteeborum
1251 2488 1434 2586 magnifiee

64 2624 67 2629 ’
175 2603 218 2676 de
233 2626 269 2676 se
289 2603 491 2699 praedicabit
508 2605 565 2700 qui
579 2606 726 2679 fortunae
762 2605 853 2680 lilius
890 2629 908 2680 e
941 2606 1055 2703 parvis
1084 2605 1188 2680 initiis
1223 2605 1266 2680 ad
1300 2616 1435 2681 tautam

176 2701 452 2817 magnitudinem
478 2733 613 2795 evectus
627 2721 680 2794 sit.

215 2920 353 2982 Cuoxus.
378 2956 418 2967 -
439 2919 530 2995 Quid,
546 2921 675 2998 OEdipe‚
693 2919 738 2981 sic
754 2937 836 2989 uxor
851 2919 940 2993 abiit,
962 2920 1027 2981 acri
1043 2919 1165 2981 concita
1180 2919 1315 2981 dolore?
1328 2921 1433 2981 Metuo

175 3036 214 3080 ne
229 3037 267 3080 ex
281 3021 342 3081 hoc
357 3021 483 3082 silentio
500 3029 647 3097 eruptura
662 3020 725 3079 siut
746 3019 835 3078 mala.
1036 3059 1037 3062 ,
1222 3029 1226 3036 '
1469 2992 1517 3115 .

214 3117 358 3179 Ollorrus.
383 3155 422 3168 -
451 3116 610 3194 Quidquid
639 3116 745 3188 volet,
773 3128 934 3195 erumpat3
948 3128 979 3177 at
993 3135 1052 3196 ego
1067 3117 1185 3176 natales
1196 3132 1294 3190 meos,
1310 3117 1430 3178 etiamsi

175 3215 301 3277 obscuri
327 3216 405 3290 siut,
432 3231 622 3293 cognoscere
641 3214 752 3273 volam.
773 3213 875 3286 illam,
894 3215 1011 3292 quippe
1032 3232 1101 3292 quae
1124 3222 1158 3273 ut
1178 3213 1290 3274 mulier
1304 3216 1433 3293 spiritus

174 3316 254 3376 altos
271 3316 372 3392 gerit,
389 3313 486 3391 pudet
510 3310 591 3371 lortc
614 3311 763 3390 ignobilis
778 3312 903 3389 generis
923 3312 994 3374 mei.
1019 3315 1084 3392 Ego
1112 3328 1186 3372 vero
1210 3329 1259 3372 me
1282 3315 1432 3389 ¹Fortunae
1528 3378 1530 3384 ,

173 3411 270 3472 filium
286 3428 354 3471 esse
369 3420 560 3486 ratus,quae
575 3409 648 3469 mihi
665 3425 813 3486 prospera
836 3421 901 3484 est,
922 3408 1058 3471 infamiae
1075 3426 1135 3470 uon
1166 3408 1279 3470 subibo
1312 3419 1430 3471 uotam.
1488 3461 1493 3471 .

173 3511 236 3569 Hac
254 3525 365 3585 nempe
386 3518 484 3568 matre
507 3519 596 3569 natus
614 3525 693 3574 sum.
724 3507 825 3583 etqui
850 3525 969 3569 mecum
994 3509 1056 3570 orsi
1081 3519 1154 3568 suut
1176 3525 1310 3579 meuses,
1327 3508 1431 3586 parvis

173 3625 222 3668 me
245 3607 427 3685 magnisque
446 3606 658 3666 distinxerunt
675 3604 778 3664 rebus.
801 3605 863 3665 Tali
888 3616 990 3666 autem
1011 3624 1105 3683 quum
1128 3606 1185 3666 sim
1208 3606 1347 3685 origiue,
1365 3607 1430 3682 jam

170 3724 330 3786 *nunquam
356 3705 435 3766 alius
465 3705 608 3775 evadam,
637 3719 674 3763 ac
704 3702 779 3762 mihi
809 3702 929 3764 natales
958 3720 1044 3764 meos
1067 3704 1255 3783 investigare
1282 3703 1357 3765 licet
1382 3706 1429 3782 (V.

173 3808 268 3878 1073,
285 3803 381 3884 sqq).

221 3999 366 4095 OEdipus
394 4020 433 4072 eo
457 3995 593 4093 dignior
624 4005 675 4068 est
710 4017 813 4090 quem
839 3995 958 4069 sedulo
991 3994 1259 4088 consideremus,
1275 3997 1366 4094 quod
1393 3997 1429 4071 in

173 4103 352 4212 Sophoclis
391 4111 513 4186 sabulis
542 4112 638 4208 juxta
671 4133 749 4184 oum
795 4109 940 4184 Creonte
972 4113 1141 4209 aptiorem
1173 4137 1276 4210 quam
1309 4125 1430 4189 ceterae

170 4208 327 4327 personae
341 4227 535 4302 facultatem
553 4237 663 4322 poetae
678 4224 823 4323 praebuit
838 4225 1022 4322 imperium
1043 4230 1158 4325 regale
1173 4229 1280 4303 fusius
1300 4212 1430 4304 descri-
1479 4216 1481 4220 ⁴

171 4345 287 4438 bendi,
304 4368 374 4418 non
404 4344 517 4418 solum
547 4342 649 4415 rebus
663 4342 821 4436 gerendis
849 4365 967 4416 rerum
983 4355 1016 4417 et
1029 4345 1208 4441 productis
1224 4343 1430 4444 disputatio-

171 4463 284 4537 nibus.
311 4462 516 4559 Quanquam
546 4469 708 4556 tyrauuus
742 4458 882 4535 nomine
907 4462 1111 4558 appellatur,
1143 4463 1238 4562 regio
1284 4487 1428 4542 munere

173 4580 318 4676 OEdipus
334 4577 509 4673 fungitur:
528 4588 562 4650 at
581 4576 609 4651 si
625 4599 683 4648 rex
701 4575 766 4650 dici
799 4599 876 4651 vere
911 4588 1036 4672 potest,
1062 4581 1294 4656 recentiorum
1313 4593 1428 4679 tyran-

172 4719 298 4771 norum
314 4693 468 4769 moribus
487 4714 555 4765 non
576 4692 678 4788 plane
707 4701 810 4766 earet.
834 4693 952 4768 Donec
966 4717 986 4769 a
1001 4696 1128 4771 Tiresia
1143 4707 1218 4773 vate
1233 4698 1290 4773 illo
1310 4699 1427 4796 (quem

172 4811 312 4909 quidem
343 4808 452 4885 multo
487 4805 619 4904 majore
643 4805 680 4881 in
698 4807 873 4906 tragoediis
903 4832 1007 4907 quam
1031 4809 1305 4890 Calchantem-in
1322 4798 1427 4888 Iliade
