3216 5408
638 431 640 436 ,
737 348 943 427 4-56-

215 483 414 582 simplicitas
429 493 490 559 est.
510 485 636 560 Fateor
650 478 792 583 lyricam
811 484 942 585 poesim
962 473 1173 582 omninoque
1200 484 1307 559 ullam
1340 484 1472 582 poesim

151 611 155 616 ’
215 599 296 676 hinc
311 601 431 676 abesse
448 627 456 672 ;
472 599 500 675 si
526 624 690 676 numeros
722 599 845 691 demis,
865 602 972 674 fateor
997 601 1147 675 solutam
1173 601 1366 677 orationem
1382 624 1472 699 saepe

214 738 396 813 superesse
410 740 485 814 quae
503 739 627 814 parum
642 717 776 792 animos
791 727 918 790 movet.
929 716 1236 791 llernmenimvero
1251 717 1316 792 alia
1328 717 1480 792 Homeri
1537 734 1540 741 ·

213 830 411 931 simplicitas
425 845 477 908 est
494 851 579 931 qnae',
595 834 723 932 ubique
737 834 917 908 Musarum
945 834 1030 908 flatu
1049 843 1216 925 contacta,
1243 833 1347 909 uincit
1364 835 1470 934 etiam

214 947 410 1023 versionum
425 949 629 1047 frigusquae
656 950 791 1048 scriptae
817 974 837 1025 a
859 950 1109 1024 recentioribus
1138 962 1231 1024 sunt.
1261 951 1340 1049 lpse
1366 950 1471 1025 etiam

215 1061 415 1159 Sophocles,
431 1065 490 1139 ubi
508 1066 693 1141 rhetorices
712 1078 865 1142 removet
883 1066 1142 1162 supellectilem,
1170 1089 1287 1143 veram
1306 1066 1471 1165 simplici·

213 1188 319 1262 tatem
339 1191 582 1278 naturamque,
606 1198 775 1258 aeternum
794 1204 935 1278 poeseos
953 1179 1141 1278 exemplar,
1176 1181 1386 1279 assequitur,
1400 1182 1470 1257 sire

213 1293 385 1370 Electram
420 1296 573 1393 depingit
594 1298 734 1372 fratrem
760 1297 969 1394 amplexam,
1002 1296 1070 1371 sive
1097 1297 1286 1372 Tecmessae
1313 1297 1470 1394 querelas

214 1410 426 1486 obsecrantis
438 1411 746 1509 Ajacemexplicat,
760 1412 827 1487 sive
845 1411 958 1508 Ajaois
967 1412 1072 1487 rerba
1082 1410 1242 1486 ultimum
1260 1412 1470 1511 Eurysacem

213 1526 417 1624 alloquentis
432 1527 548 1619 refert,
567 1527 635 1602 sive
654 1529 804 1604 ostendit
822 1527 988 1624 OEdipum
1002 1527 1090 1601 filias
1103 1513 1149 1600 in
1156 1537 1295 1624 pectore
1308 1552 1470 1626 premen-

213 1652 296 1715 tem.
314 1642 354 1715 ln
373 1641 413 1716 iis
429 1642 512 1716 locis
528 1666 603 1740 quae
619 1644 735 1719 omnia
749 1644 891 1717 laudare
908 1641 993 1715 nihil
1025 1642 1160 1740 prosit,
1195 1668 1265 1718 non
1291 1643 1364 1740 jam
1389 1644 1470 1718 civis

211 1756 430 1834 Atheniensis
445 1772 498 1833 est
512 1758 714 1856 Sophocles,
729 1771 829 1858 poeta
848 1768 898 1833 est
912 1758 1055 1833 eximius
1082 1760 1141 1856 qui
1174 1771 1333 1834 naturam
1358 1761 1470 1858 ipsam

212 1873 376 1948 describit
392 1897 466 1971 quae
494 1876 613 1949 eadem
650 1875 782 1973 sibique
812 1899 874 1972 par
912 1872 1039 1969 ubique
1075 1874 1205 1950 exsistit
1237 1901 1245 1947 :
1276 1877 1470 1952 Homerum

211 1987 350 2084 quidem
367 2012 437 2063 non
456 2001 556 2064 curat
570 1991 708 2082 imitari,
718 1991 791 2082 sed,
807 1989 1118 2087 quodpraeelarius,
1140 1990 1281 2066 veritate
1296 1975 1466 2091 adaequat.

210 2103 321 2177 Porro
335 2104 444 2178 nostri
459 2116 568 2201 poetae
582 2104 701 2202 tragici
717 2104 774 2201 qui
788 2128 889 2178 suum
904 2102 1087 2202 judicium,
1103 2104 1236 2178 nullam
1254 2107 1470 2182 reconditam

137 2217 141 2227 '
209 2217 401 2311 scientiam,
424 2220 459 2292 in
475 2220 572 2297 libris
587 2221 736 2318 antiquis
769 2221 925 2319 legendis
957 2220 1179 2312 adhibebant,
1212 2245 1252 2296 ea
1278 2223 1314 2295 in
1342 2222 1469 2298 Graeeis
1547 2216 1551 2227 '

211 2334 322 2430 poetis
338 2335 499 2409 admirati
512 2336 704 2434 imitatique
720 2349 801 2412 sunt
815 2361 891 2434 quae
906 2339 949 2411 ad
964 2349 1124 2410 naturam
1143 2338 1334 2412 humanam
1362 2340 1470 2437 perti·

23 2452 26 2463 ’
116 2510 119 2515 .
209 2463 349 2544 uerent3
376 2453 541 2550 quidquid
572 2467 647 2530 erat
674 2454 788 2529 Attica
811 2453 1061 2530 consuetudine
1091 2464 1279 2546 notatum,
1302 2455 1336 2528 id
1365 2479 1469 2532 omne

210 2568 458 2662 praeterierunt.
475 2570 638 2645 Raoinius
654 2572 792 2668 quidem
804 2595 911 2668 quum
932 2573 1078 2645 Sanctos
1106 2570 1240 2663 Libros
1272 2571 1468 2669 Euripidem

114 2752 117 2759 .
210 2681 437 2780 Tacitumqne
456 2685 637 2776 evolveret,
652 2685 732 2759 inde
748 2696 926 2759 mutuatus
946 2698 998 2761 est
1019 2707 1058 2758 ea
1085 2708 1160 2781 quae
1178 2686 1273 2759 nullo
1310 2687 1469 2784 populari
1552 2686 1555 2691 ’

210 2797 323 2872 colore
340 2799 500 2873 distincta
524 2799 559 2872 in
588 2823 728 2874 scenam
754 2809 909 2875 nostram
944 2812 1024 2895 apte
1049 2799 1172 2873 deduci
1205 2813 1358 2896 possent.
1390 2802 1468 2899 lpse

208 2923 339 3005 autem,
353 2914 419 3011 legi
439 2915 617 2989 communi
636 2938 774 3012 parens,
794 2916 881 2990 aulae
913 2913 1014 3012 regiae
1044 2912 1201 3009 moribus
1226 2938 1280 2989 res
1311 2917 1468 3015 antiquas

209 3026 439 3103 commiscuit.
648 3103 650 3109 ,
837 3092 840 3097 .
1247 3065 1249 3068 >

214 3237 216 3242 ,
257 3143 429 3219 Homerus
447 3169 662 3221 veroomnes
686 3156 804 3242 poetas
835 3153 987 3241 praestat,
1020 3140 1258 3239 quia'aetatem
1287 3146 1468 3243 descripsit

207 3283 275 3356 qua
300 3260 384 3334 nihil
402 3263 516 3336 adhuc
535 3262 717 3336 coercebat
752 3272 810 3335 aut
847 3259 1056 3357 depravabat
1086 3260 1274 3357 ingenuam
1306 3263 1468 3337 humanae

207 3388 337 3451 naturae
362 3377 524 3451 indolem.
551 3379 652 3452 Solus
671 3377 766 3451 nulla
798 3377 913 3450 omisit
930 3400 1051 3451 eorum
1070 3376 1266 3451 studiorum
1286 3401 1360 3474 quae
1390 3387 1468 3452 tan·

208 3516 312 3592 quam
326 3494 515 3591 primordia
526 3498 682 3593 quaedam
694 3497 729 3570 in
745 3509 861 3570 mente
875 3495 1030 3569 humana
1042 3493 1182 3568 subesse
1194 3504 1286 3568 recte
1297 3493 1467 3569 dicantur.

207 3611 440 3686 Utanno'rom
457 3613 613 3709 procedit
627 3614 726 3704 ordo,
744 3634 916 3707 novasque
935 3610 1026 3708 leges
1040 3633 1214 3706 novosque
1231 3614 1346 3687 mores
1359 3635 1468 3709 genus
1584 3691 1586 3697 ,

106 3782 109 3789 .
207 3724 401 3799 humanum
419 3725 546 3816 induit,
568 3727 642 3801 haec
661 3724 852 3824 primordia
868 3748 937 3798 non
957 3723 1031 3821 pari
1065 3725 1202 3826 licentia
1230 3737 1375 3822 possunt
1391 3750 1468 3802 om-

207 3840 263 3915 nia
283 3843 492 3918 adolescere.
506 3845 719 3940 Depravatnr
741 3843 996 3941 quodammodo
1017 3843 1172 3915 humana
1191 3843 1303 3919 forma
1320 3843 1468 3943 discipli·
1587 3910 1591 3919 .

206 3959 259 4034 nis
274 3960 478 4054 ediscendis,
494 3984 569 4057 quae
588 3956 682 4034 nu'nc
696 3959 794 4051 illud,
812 3983 906 4032 nuno
921 3958 1012 4031 aliud
1025 3958 1177 4038 studium
1191 3959 1347 4035 naturale
1357 3962 1468 4036 conti-

206 4085 291 4149 nent
322 4085 381 4150 ant
420 4075 635 4173 opprimunt.
680 4076 809 4149 Verum
838 4073 970 4171 illequi
999 4073 1126 4170 ingenii
1153 4073 1274 4170 opibus
1308 4097 1469 4150 mancam

206 4191 432 4289 mutilamque
468 4191 722 4267 humanitatem
754 4191 797 4265 ad
826 4189 974 4288 primam
1006 4189 1301 4287 pulchritudinem
1332 4203 1470 4288 reparat

205 4308 451 4406 instauratque,
473 4323 573 4409 poeta
598 4320 662 4395 est,
693 4318 786 4383 tanto
817 4307 958 4383 nomine
972 4331 1052 4382 vere
1080 4307 1216 4404 dignus,
1255 4308 1314 4405 qui
1338 4320 1470 4384 naturae

205 4425 382 4501 vetustatis
410 4448 651 4522 annorumque
684 4424 752 4499 situ
769 4423 985 4498 dedecoratae
1007 4445 1106 4497 suam
1120 4433 1337 4497 venustatem
1354 4424 1470 4500 reddi-

206 4541 295 4614 derit
321 4541 618 4639 maJ’estatemque.
707 4522 712 4533 ’

255 4654 328 4727 Etsi
341 4656 431 4751 apud
457 4654 664 4751 Sophoclem
686 4675 776 4750 saepe
798 4650 1073 4750 deprehenditur
1100 4651 1129 4726 is
1160 4654 1337 4731 oratorius¹
1363 4656 1469 4750 color,

207 4772 316 4848 multo
336 4782 452 4850 tamen
469 4784 580 4872 poetae
612 4771 732 4871 tragici
765 4769 902 4847 dicendi
929 4793 1040 4869 genus
1054 4769 1097 4846 ab
1115 4770 1257 4847 illorum
1289 4783 1468 4850 oratorum
