3150 5400
718 329 912 408 -m·..

234 468 405 543 Praetereo
423 466 818 564 dialogumsententiose
827 467 1035 542 deductum:
1055 464 1171 540 locum
1187 463 1271 539 adeo
1291 462 1446 539 nobilem

185 585 246 661 ubi
263 583 374 658 Creon
408 583 586 659 contendit
610 606 646 658 se
662 583 756 659 nullo
787 583 890 658 modo
921 580 1098 679 tyrannide
1122 579 1297 678 OEdipoda
1322 579 1448 656 orbare

186 702 281 793 velle,
299 724 407 796 quum
434 699 596 774 omnibus
609 699 744 798 imperii
775 698 966 774 commodis
985 698 1130 788 fruatur,
1143 697 1447 773 incommodorum
1488 699 1490 702 ’

188 838 319 913 expers.
338 815 416 888 lam
430 815 466 887 in
483 814 617 911 dialogo
632 837 668 890 se
685 813 827 887 tertium
848 813 930 887 dixit
947 811 1134 889 incivitate
1154 835 1227 887 esse
1246 823 1448 909 ceterosque

189 930 278 1006 cives
305 938 430 1026 praeter
457 928 629 1026 OEdipoda
666 928 908 1024 locastamque
941 925 1063 1024 opibus
1092 939 1255 1024 praestare
1272 952 1279 999 :
1295 949 1380 1024 ergo
1399 925 1449 1001 sic
1518 999 1521 1005 .

92 1077 94 1083 ·
189 1046 355 1143 disputat,
374 1044 559 1119 obscuram
576 1055 801 1158 tyrannorum
818 1065 999 1118 censuram
1016 1065 1130 1138 agens.

230 1210 398 1271 Considera
431 1211 491 1270 hoc
518 1210 663 1287 primum,
692 1226 730 1269 an
760 1216 946 1285 quemquam
975 1218 1068 1285 putes
1096 1222 1228 1286 regnare
1256 1207 1350 1267 malle
1379 1223 1450 1267 cum

189 1307 377 1382 terroribus,
391 1323 484 1386 quam
498 1307 565 1367 sine
580 1316 665 1368 metu
681 1305 829 1378 dormire,
845 1305 869 1366 si
882 1304 1053 1383 potentiam
1069 1304 1371 1367 obtineateamdem.
1384 1307 1450 1382 ligo

190 1414 264 1468 sane
275 1423 377 1483 neque
392 1407 459 1483 ipse
482 1404 576 1481 cupio
591 1421 647 1465 rex
658 1421 726 1464 esse
744 1403 844 1480 magis
861 1419 953 1479 quam
971 1418 1041 1479 quae
1066 1401 1150 1480 regis
1164 1410 1237 1462 sunt
1252 1400 1369 1475 lacere,
1392 1418 1451 1462 nec

190 1503 282 1581 alius,
312 1502 454 1580 quisquis
469 1502 629 1563 modestus
643 1518 711 1562 esse
723 1503 822 1560 novit.
836 1501 910 1559 Nam
925 1516 1007 1559 nunc
1029 1498 1155 1575 quidem
1175 1498 1280 1559 omnia
1296 1515 1312 1558 a
1328 1508 1360 1559 te
1375 1499 1452 1561 abs·

192 1617 253 1678 que
266 1609 351 1687 metu
366 1616 562 1677 consequor3
577 1610 609 1659 at
624 1599 648 1660 si
664 1599 731 1675 ipse
748 1614 804 1659 rex
819 1613 933 1669 essem,
948 1597 1044 1656 multa
1057 1596 1151 1656 etiam
1173 1596 1289 1656 invitus
1302 1595 1450 1658 lacerem.

192 1697 252 1772 Qui
276 1697 353 1759 mihi
368 1714 444 1777 ergo
466 1713 597 1776 regnum
626 1696 749 1757 dulcius
762 1711 830 1756 esse
845 1695 946 1771 possit
960 1710 1051 1771 quam
1068 1690 1262 1772 principatus
1276 1711 1406 1756 securus
1421 1705 1453 1757 et

193 1794 335 1874 potentia
350 1793 390 1873 (v.
405 1793 464 1856 584
479 1793 571 1874 sqq)?
1255 1791 1259 1807 ¹

239 1958 321 2034 Haec
334 1958 450 2034 omnia
466 1960 503 2032 in
516 1957 631 2032 sabula
644 1957 756 2033 Attica
776 1955 996 2031 audientibus
1015 1957 1113 2031 valde
1128 1955 1322 2055 placebant,
1336 1957 1394 2056 qui
1409 1960 1452 2035 de

90 2144 95 2153 ,
196 2062 423 2173 tyrannorum
458 2076 680 2173 impotentia,
709 2075 752 2149 de
777 2074 946 2148 libertatis
976 2075 1261 2170 democratiaeque
1288 2074 1454 2170 dignitate

194 2201 229 2266 et
246 2192 392 2268 utilitate
410 2193 501 2267 inter
526 2216 562 2269 se
588 2190 755 2266 disserere
782 2189 949 2265 solebant.
979 2191 1058 2287 Agit
1090 2215 1167 2266 vere
1190 2190 1303 2265 Creon
1335 2205 1453 2289 partes

195 2309 414 2385 democratici
426 2309 646 2405 magistratus
660 2307 717 2404 qui
737 2306 921 2397 mediocre,
933 2307 991 2380 sed
1008 2307 1117 2381 tutius
1130 2305 1329 2404 imperium,
1345 2331 1453 2405 quam

193 2422 418 2498 immodicam
448 2423 703 2522 possidentique
731 2422 962 2519 periculosam
982 2423 1253 2497 dominationem
1270 2437 1452 2522 praeoptat.

193 2537 382 2612 Fateamur
396 2538 597 2612 Homericos
617 2537 741 2610 heroas
756 2545 890 2610 tantam
908 2538 1258 2634 rerumpublicarum
1277 2536 1455 2614 seientiam

195 2674 368 2747 nusquam
388 2660 573 2726 ostentare.
589 2651 667 2725 lam
693 2673 772 2723 vero
800 2651 1026 2725 Athenienses
1042 2653 1110 2726 veri
1130 2652 1456 2738 simillimum'arbi-

184 2768 380 2843 ¹trahantur
397 2768 583 2865 unicuique
613 2778 757 2866 tyranno
778 2767 952 2875 omnia-'in
974 2769 1044 2842 vita
1062 2780 1220 2868 suspecta
1248 2780 1282 2844 et
1310 2770 1456 2849 sollicita

196 2905 284 2974 esse,
298 2892 337 2956 ut
355 2906 391 2957 se
407 2894 441 2958 et
452 2882 495 2956 ab
509 2882 668 2957 affinibus
684 2882 752 2978 peti
770 2883 923 2958 crederet
936 2884 1122 2981 imperium
1137 2885 1390 2961 affectantibus.

244 2997 285 3070 ln
304 2996 476 3093 Antigone
499 2996 610 3070 Creon
628 2995 812 3092 imperium
827 2996 952 3071 Thebis
968 3008 1101 3072 exercet
1119 3001 1211 3094 quod
1226 2999 1256 3072 ei
1285 3009 1364 3095 post
1390 3002 1454 3076 mi·

97 3112 100 3117 ’
194 3135 309 3188 seram
322 3110 470 3185 Eteoclis
497 3111 736 3208 Polynicisque
756 3123 904 3186 mortem
923 3113 1075 3186 delatum
1091 3114 1165 3187 luit.
1191 3115 1268 3188 lam
1284 3137 1391 3213 supra
1412 3117 1456 3192 de

194 3237 399 3324 argumento
419 3226 542 3326 fabulae
560 3226 717 3301 dictum:
745 3226 840 3322 virgo
866 3227 1020 3317 inermis,
1042 3229 1144 3302 nullis
1162 3229 1280 3304 amicis
1298 3232 1451 3324 defensa,

130 3327 135 3343 ’
194 3342 254 3416 sed
273 3352 403 3415 naturae
421 3341 528 3437 ipsius
551 3363 633 3415 voce
663 3342 866 3416 confirmata
895 3365 974 3415 cum
1001 3342 1145 3418 civitatis
1177 3345 1263 3419 duce
1295 3345 1453 3443 iniquum

151 3517 155 3524 .
194 3470 371 3533 certamen
396 3455 485 3531 inire
503 3457 621 3532 audet.
653 3459 754 3533 Nunc
793 3459 835 3532 de
867 3457 1022 3533 Creontis
1055 3483 1203 3556 persona
1221 3461 1389 3537 dieamus.
1420 3464 1453 3540 Is

193 3573 327 3646 videtur
355 3571 533 3651 dictatoris
557 3573 669 3666 potius
689 3584 803 3671 partes
822 3598 922 3670 agere
940 3597 1043 3670 quam
1060 3576 1162 3673 regis.
1181 3600 1288 3673 quum
1306 3578 1455 3675 publicae

195 3686 351 3764 utilitatis
362 3709 498 3784 semper
513 3710 640 3762 nomen
652 3711 693 3763 ac
706 3688 856 3784 speciem
870 3689 1040 3785 praeferat,
1054 3701 1219 3788 tanquam
1231 3694 1453 3789 magistratus

194 3803 308 3879 officia
321 3800 479 3898 legitimi,
500 3824 570 3875 non
600 3808 747 3899 regnum
766 3813 916 3877 tueatur.
937 3802 1141 3901 Quanquam
1164 3806 1326 3881 omnibus
1352 3830 1453 3883 suam

194 3918 418 4008 voluntatem,
444 3915 539 3989 nullo
574 3917 715 3992 consilio
745 3917 874 4009 audito,
893 3917 1053 4014 imponit,
1074 3921 1146 3994 vult
1171 3921 1277 3995 videri
1308 3922 1453 3999 ciuitatis
1517 3981 1523 4008 ,

194 4055 346 4125 causam,
365 4056 437 4106 non
465 4031 661 4107 ambitionis
675 4056 715 4107 ac
735 4034 869 4108 saerinae
884 4035 1064 4127 defendere
1088 4061 1096 4108 :
1127 4060 1189 4111 sua
1207 4038 1346 4113 decreta
1381 4039 1474 4114 vult

111 4146 112 4150 ’
191 4151 285 4248 leges
300 4172 386 4223 esse.
417 4148 659 4246 Emagistratu
679 4161 890 4247 tyrannoque
917 4152 1224 4228 conflatumveluti
1253 4136 1452 4231 monstrum

190 4277 264 4356 est,
296 4286 336 4338 ac
367 4265 483 4361 legum
511 4263 687 4361 majestate
718 4265 932 4363 tyrannidem
966 4289 1065 4342 suam
1086 4280 1251 4367 tanquam
1283 4270 1452 4345 occultari

188 4392 297 4482 putat.
328 4381 417 4466 Quid
437 4383 443 4453 !
471 4404 587 4454 nonne
606 4382 797 4456 doctrinam
816 4383 1002 4479 quamdam
1021 4384 1305 4476 administrandae
1333 4386 1451 4483 reipu-

187 4497 285 4573 blicae
305 4496 473 4588 edisserit,
493 4521 600 4593 quum
627 4521 663 4571 se
697 4498 913 4594 prohibuisse
940 4523 989 4581 ne
1017 4500 1091 4596 quis
1121 4501 1291 4599 Polynicis
1318 4526 1447 4600 corpus

187 4612 340 4710 sepeliat,
360 4612 570 4708 profitetur?
595 4613 861 4688 Unumversum
880 4614 1020 4689 laudare
1040 4615 1121 4689 satis
1137 4617 1229 4690 erit:

166 4781 168 4787 ·
226 4762 352 4825 Talibus
365 4780 424 4843 ego
437 4763 561 4843 legibus
575 4764 657 4826 hanc·
670 4765 791 4844 augebo
806 4766 914 4827 urbem
935 4765 983 4846 (V.
996 4744 1081 4846 Ι191).
