<?xml version="1.0" encoding="UTF-8"?>
<!DOCTYPE html PUBLIC "-//W3C//DTD XHTML 1.0 Transitional//EN"
    "http://www.w3.org/TR/xhtml1/DTD/xhtml1-transitional.dtd">
<html xmlns="http://www.w3.org/1999/xhtml" xml:lang="en" lang="en">
 <head>
  <title>
</title>
<meta http-equiv="Content-Type" content="text/html;charset=utf-8" />
  <meta name='ocr-system' content='tesseract 3.04.00' />
  <meta name='ocr-capabilities' content='ocr_page ocr_carea ocr_par ocr_line ocrx_word'/>
</head>
<body>
  <div class='ocr_page' id='page_1' title='image "./sophoclemaequal00castgoog_0045.png"; bbox 0 0 3216 5408; ppageno 0'>
   <div class='ocr_carea' id='block_1_1' title="bbox 704 342 945 460">
    <p class='ocr_par' dir='ltr' id='par_1_1' title="bbox 704 342 945 460">
     <span class='ocr_line' id='line_1_1' title="bbox 704 342 945 460; baseline 0 0"><span class='ocrx_word' id='word_1_1' title='bbox 704 342 945 460; x_wconf 59' lang='lat' dir='ltr'>..ao-4</span> 
     </span>
    </p>
   </div>
   <div class='ocr_carea' id='block_1_2' title="bbox 88 518 1532 4424">
    <p class='ocr_par' dir='ltr' id='par_1_2' title="bbox 88 518 1432 1079">
     <span class='ocr_line' id='line_1_2' title="bbox 171 518 1429 619; baseline -0.004 -21"><span class='ocrx_word' id='word_1_2' title='bbox 171 523 308 598; x_wconf 88' lang='lat' dir='ltr'>locaste</span> <span class='ocrx_word' id='word_1_3' title='bbox 325 520 652 618; x_wconf 88' lang='lat' dir='ltr'>habueratOEdipns</span> <span class='ocrx_word' id='word_1_4' title='bbox 671 519 765 595; x_wconf 91' lang='lat' dir='ltr'>nulla</span> <span class='ocrx_word' id='word_1_5' title='bbox 783 519 965 596; x_wconf 66' lang='lat' dir='ltr'>lit‘mentio</span> <span class='ocrx_word' id='word_1_6' title='bbox 990 545 998 593; x_wconf 91' lang='lat'>:</span> <span class='ocrx_word' id='word_1_7' title='bbox 1026 519 1170 618; x_wconf 87' lang='lat' dir='ltr'>fingitur</span> <span class='ocrx_word' id='word_1_8' title='bbox 1200 518 1400 619; x_wconf 83' lang='lat' dir='ltr'>Polynicem</span> <span class='ocrx_word' id='word_1_9' title='bbox 1420 578 1429 611; x_wconf 90' lang='lat'>,</span> 
     </span>
     <span class='ocr_line' id='line_1_3' title="bbox 171 637 1426 738; baseline -0.003 -24"><span class='ocrx_word' id='word_1_10' title='bbox 171 640 362 731; x_wconf 88' lang='lat' dir='ltr'>Eteoclem,</span> <span class='ocrx_word' id='word_1_11' title='bbox 383 640 594 738; x_wconf 74' lang='lat' dir='ltr'>Antigonen,</span> <span class='ocrx_word' id='word_1_12' title='bbox 615 640 775 713; x_wconf 82' lang='lat' dir='ltr'>Ismenen</span> <span class='ocrx_word' id='word_1_13' title='bbox 790 660 810 712; x_wconf 88' lang='lat' dir='ltr'>a</span> <span class='ocrx_word' id='word_1_14' title='bbox 824 638 961 714; x_wconf 85' lang='lat' dir='ltr'>locaste</span> <span class='ocrx_word' id='word_1_15' title='bbox 980 637 1113 736; x_wconf 89' lang='lat' dir='ltr'>genitos</span> <span class='ocrx_word' id='word_1_16' title='bbox 1126 661 1200 713; x_wconf 91' lang='lat' dir='ltr'>esse</span> <span class='ocrx_word' id='word_1_17' title='bbox 1216 661 1222 714; x_wconf 90' lang='lat'><strong>:</strong></span> <span class='ocrx_word' id='word_1_18' title='bbox 1241 637 1426 735; x_wconf 78' lang='lat' dir='ltr'>negligitur</span> 
     </span>
     <span class='ocr_line' id='line_1_4' title="bbox 173 750 1430 851; baseline -0.001 -23"><span class='ocrx_word' id='word_1_19' title='bbox 173 753 281 829; x_wconf 93' lang='lat' dir='ltr'>altera</span> <span class='ocrx_word' id='word_1_20' title='bbox 307 776 395 827; x_wconf 83' lang='lat' dir='ltr'>uxor</span> <span class='ocrx_word' id='word_1_21' title='bbox 423 754 551 851; x_wconf 87' lang='lat' dir='ltr'>OEdipi.</span> <span class='ocrx_word' id='word_1_22' title='bbox 582 754 630 828; x_wconf 80' lang='lat' dir='ltr'>llo</span> <span class='ocrx_word' id='word_1_23' title='bbox 658 751 823 825; x_wconf 90' lang='lat' dir='ltr'>nimirum</span> <span class='ocrx_word' id='word_1_24' title='bbox 856 762 955 848; x_wconf 88' lang='lat' dir='ltr'>pacto</span> <span class='ocrx_word' id='word_1_25' title='bbox 982 758 1057 829; x_wconf 88' lang='lat' dir='ltr'>luce</span> <span class='ocrx_word' id='word_1_26' title='bbox 1081 763 1249 849; x_wconf 82' lang='lat' dir='ltr'>tanquam</span> <span class='ocrx_word' id='word_1_27' title='bbox 1285 750 1430 827; x_wconf 87' lang='lat' dir='ltr'>clariore</span> 
     </span>
     <span class='ocr_line' id='line_1_5' title="bbox 88 867 1432 969; baseline 0.001 -30"><span class='ocrx_word' id='word_1_28' title='bbox 88 962 91 969; x_wconf 26' lang='lat'>¹</span> <span class='ocrx_word' id='word_1_29' title='bbox 170 867 654 944; x_wconf 84' lang='lat' dir='ltr'>illu‘straturmalorumcrdo</span> <span class='ocrx_word' id='word_1_30' title='bbox 687 880 722 942; x_wconf 90' lang='lat' dir='ltr'>et</span> <span class='ocrx_word' id='word_1_31' title='bbox 752 867 987 943; x_wconf 82' lang='lat' dir='ltr'>calamitatum</span> <span class='ocrx_word' id='word_1_32' title='bbox 1021 891 1096 965; x_wconf 90' lang='lat' dir='ltr'>quae</span> <span class='ocrx_word' id='word_1_33' title='bbox 1128 892 1168 942; x_wconf 85' lang='lat' dir='ltr'>ex</span> <span class='ocrx_word' id='word_1_34' title='bbox 1200 868 1311 966; x_wconf 84' lang='lat' dir='ltr'>prima</span> <span class='ocrx_word' id='word_1_35' title='bbox 1344 890 1432 943; x_wconf 86' lang='lat' dir='ltr'>noxa</span> 
     </span>
     <span class='ocr_line' id='line_1_6' title="bbox 173 982 504 1079; baseline 0.003 -23"><span class='ocrx_word' id='word_1_36' title='bbox 173 982 344 1079; x_wconf 86' lang='lat' dir='ltr'>originem</span> <span class='ocrx_word' id='word_1_37' title='bbox 361 985 504 1060; x_wconf 91' lang='lat' dir='ltr'>ducunt.</span> 
     </span>
    </p>

    <p class='ocr_par' dir='ltr' id='par_1_3' title="bbox 171 1091 1532 3866">
     <span class='ocr_line' id='line_1_7' title="bbox 222 1091 1433 1198; baseline 0.002 -25"><span class='ocrx_word' id='word_1_38' title='bbox 222 1100 302 1191; x_wconf 88' lang='lat' dir='ltr'>Sed,</span> <span class='ocrx_word' id='word_1_39' title='bbox 318 1125 426 1198; x_wconf 93' lang='lat' dir='ltr'>quum</span> <span class='ocrx_word' id='word_1_40' title='bbox 442 1100 520 1175; x_wconf 91' lang='lat' dir='ltr'>novi</span> <span class='ocrx_word' id='word_1_41' title='bbox 536 1109 570 1176; x_wconf 93' lang='lat' dir='ltr'>et</span> <span class='ocrx_word' id='word_1_42' title='bbox 588 1099 826 1198; x_wconf 86' lang='lat' dir='ltr'>exquisitiores</span> <span class='ocrx_word' id='word_1_43' title='bbox 844 1123 965 1177; x_wconf 87' lang='lat' dir='ltr'>sensus</span> <span class='ocrx_word' id='word_1_44' title='bbox 980 1103 1023 1177; x_wconf 93' lang='lat' dir='ltr'>de</span> <span class='ocrx_word' id='word_1_45' title='bbox 1042 1124 1224 1197; x_wconf 91' lang='lat' dir='ltr'>poenarum</span> <span class='ocrx_word' id='word_1_46' title='bbox 1255 1091 1333 1175; x_wconf 89' lang='lat' dir='ltr'>cum</span> <span class='ocrx_word' id='word_1_47' title='bbox 1353 1123 1433 1198; x_wconf 87' lang='lat' dir='ltr'>pcc-</span> 
     </span>
     <span class='ocr_line' id='line_1_8' title="bbox 173 1212 1430 1316; baseline 0 -26"><span class='ocrx_word' id='word_1_48' title='bbox 173 1215 257 1290; x_wconf 94' lang='lat' dir='ltr'>catis</span> <span class='ocrx_word' id='word_1_49' title='bbox 272 1217 500 1314; x_wconf 79' lang='lat' dir='ltr'>congruentia</span> <span class='ocrx_word' id='word_1_50' title='bbox 517 1212 645 1292; x_wconf 87' lang='lat' dir='ltr'>sensim</span> <span class='ocrx_word' id='word_1_51' title='bbox 657 1216 896 1308; x_wconf 85' lang='lat' dir='ltr'>invaluissent,</span> <span class='ocrx_word' id='word_1_52' title='bbox 917 1220 1105 1316; x_wconf 76' lang='lat' dir='ltr'>sophocles</span> <span class='ocrx_word' id='word_1_53' title='bbox 1124 1241 1193 1293; x_wconf 92' lang='lat' dir='ltr'>non</span> <span class='ocrx_word' id='word_1_54' title='bbox 1210 1242 1249 1292; x_wconf 87' lang='lat' dir='ltr'>ex</span> <span class='ocrx_word' id='word_1_55' title='bbox 1262 1225 1430 1291; x_wconf 89' lang='lat' dir='ltr'>vetustate</span> 
     </span>
     <span class='ocr_line' id='line_1_9' title="bbox 173 1331 1427 1432; baseline -0.004 -23"><span class='ocrx_word' id='word_1_56' title='bbox 173 1356 293 1409; x_wconf 83' lang='lat' dir='ltr'>causas</span> <span class='ocrx_word' id='word_1_57' title='bbox 312 1333 498 1409; x_wconf 79' lang='lat' dir='ltr'>inimicitiae</span> <span class='ocrx_word' id='word_1_58' title='bbox 513 1357 588 1432; x_wconf 91' lang='lat' dir='ltr'>qnae</span> <span class='ocrx_word' id='word_1_59' title='bbox 617 1333 782 1430; x_wconf 87' lang='lat' dir='ltr'>OEdipum</span> <span class='ocrx_word' id='word_1_60' title='bbox 811 1356 851 1408; x_wconf 88' lang='lat' dir='ltr'>ac</span> <span class='ocrx_word' id='word_1_61' title='bbox 882 1334 971 1410; x_wconf 85' lang='lat' dir='ltr'>filios</span> <span class='ocrx_word' id='word_1_62' title='bbox 988 1333 1202 1414; x_wconf 88' lang='lat' dir='ltr'>intercessit,</span> <span class='ocrx_word' id='word_1_63' title='bbox 1237 1331 1427 1428; x_wconf 83' lang='lat' dir='ltr'>descripsit.</span> 
     </span>
     <span class='ocr_line' id='line_1_10' title="bbox 172 1442 1434 1548; baseline -0.005 -23"><span class='ocrx_word' id='word_1_64' title='bbox 172 1450 508 1525; x_wconf 86' lang='lat' dir='ltr'>Locaenimveteris</span> <span class='ocrx_word' id='word_1_65' title='bbox 539 1449 723 1525; x_wconf 87' lang='lat' dir='ltr'>Thebaidis</span> <span class='ocrx_word' id='word_1_66' title='bbox 749 1448 938 1542; x_wconf 86' lang='lat' dir='ltr'>habemns,</span> <span class='ocrx_word' id='word_1_67' title='bbox 969 1442 1081 1548; x_wconf 87' lang='lat' dir='ltr'>prisco</span> <span class='ocrx_word' id='word_1_68' title='bbox 1107 1451 1241 1546; x_wconf 86' lang='lat' dir='ltr'>signate</span> <span class='ocrx_word' id='word_1_69' title='bbox 1267 1447 1434 1522; x_wconf 88' lang='lat' dir='ltr'>nimirum</span> 
     </span>
     <span class='ocr_line' id='line_1_11' title="bbox 174 1564 1433 1663; baseline -0.002 -24"><span class='ocrx_word' id='word_1_70' title='bbox 174 1565 300 1656; x_wconf 89' lang='lat' dir='ltr'>colore,</span> <span class='ocrx_word' id='word_1_71' title='bbox 319 1588 394 1661; x_wconf 82' lang='lat' dir='ltr'>quae</span> <span class='ocrx_word' id='word_1_72' title='bbox 427 1575 519 1639; x_wconf 90' lang='lat' dir='ltr'>certe</span> <span class='ocrx_word' id='word_1_73' title='bbox 541 1573 643 1638; x_wconf 92' lang='lat' dir='ltr'>norat</span> <span class='ocrx_word' id='word_1_74' title='bbox 671 1564 889 1660; x_wconf 82' lang='lat' dir='ltr'>Sophocles,</span> <span class='ocrx_word' id='word_1_75' title='bbox 912 1566 1008 1663; x_wconf 91' lang='lat' dir='ltr'>sequi</span> <span class='ocrx_word' id='word_1_76' title='bbox 1038 1566 1165 1641; x_wconf 92' lang='lat' dir='ltr'>noluit.</span> <span class='ocrx_word' id='word_1_77' title='bbox 1194 1566 1319 1641; x_wconf 88' lang='lat' dir='ltr'>Narrat</span> <span class='ocrx_word' id='word_1_78' title='bbox 1338 1573 1433 1638; x_wconf 91' lang='lat' dir='ltr'>vetus</span> 
     </span>
     <span class='ocr_line' id='line_1_12' title="bbox 173 1679 1448 1780; baseline -0.003 -24"><span class='ocrx_word' id='word_1_79' title='bbox 173 1694 275 1780; x_wconf 91' lang='lat' dir='ltr'>poeta</span> <span class='ocrx_word' id='word_1_80' title='bbox 289 1682 457 1778; x_wconf 87' lang='lat' dir='ltr'>OEdipum</span> <span class='ocrx_word' id='word_1_81' title='bbox 476 1691 691 1755; x_wconf 87' lang='lat' dir='ltr'>exsecratum</span> <span class='ocrx_word' id='word_1_82' title='bbox 708 1679 741 1752; x_wconf 94' lang='lat' dir='ltr'>in</span> <span class='ocrx_word' id='word_1_83' title='bbox 757 1679 872 1776; x_wconf 90' lang='lat' dir='ltr'>capita</span> <span class='ocrx_word' id='word_1_84' title='bbox 887 1679 1039 1754; x_wconf 89' lang='lat' dir='ltr'>liliorum</span> <span class='ocrx_word' id='word_1_85' title='bbox 1065 1681 1244 1778; x_wconf 86' lang='lat' dir='ltr'>essequod</span> <span class='ocrx_word' id='word_1_86' title='bbox 1264 1680 1294 1752; x_wconf 90' lang='lat' dir='ltr'>ci</span> <span class='ocrx_word' id='word_1_87' title='bbox 1315 1691 1448 1754; x_wconf 87' lang='lat' dir='ltr'>contra-</span> 
     </span>
     <span class='ocr_line' id='line_1_13' title="bbox 173 1794 1435 1893; baseline 0.002 -28"><span class='ocrx_word' id='word_1_88' title='bbox 173 1795 314 1870; x_wconf 89' lang='lat' dir='ltr'>velitum</span> <span class='ocrx_word' id='word_1_89' title='bbox 330 1820 431 1870; x_wconf 91' lang='lat' dir='ltr'>suurn</span> <span class='ocrx_word' id='word_1_90' title='bbox 443 1795 514 1870; x_wconf 89' lang='lat' dir='ltr'>Laii</span> <span class='ocrx_word' id='word_1_91' title='bbox 524 1795 632 1893; x_wconf 91' lang='lat' dir='ltr'>patris</span> <span class='ocrx_word' id='word_1_92' title='bbox 645 1794 892 1891; x_wconf 90' lang='lat' dir='ltr'>supellectilem</span> <span class='ocrx_word' id='word_1_93' title='bbox 905 1798 1092 1892; x_wconf 87' lang='lat' dir='ltr'>quamdam</span> <span class='ocrx_word' id='word_1_94' title='bbox 1103 1795 1321 1886; x_wconf 90' lang='lat' dir='ltr'>obtulissent,</span> <span class='ocrx_word' id='word_1_95' title='bbox 1335 1802 1435 1892; x_wconf 89' lang='lat' dir='ltr'>atque</span> 
     </span>
     <span class='ocr_line' id='line_1_14' title="bbox 171 1910 1435 2012; baseline -0.002 -26"><span class='ocrx_word' id='word_1_96' title='bbox 171 1912 205 1986; x_wconf 94' lang='lat' dir='ltr'>in</span> <span class='ocrx_word' id='word_1_97' title='bbox 221 1911 373 1986; x_wconf 88' lang='lat' dir='ltr'>convivio</span> <span class='ocrx_word' id='word_1_98' title='bbox 389 1912 505 1986; x_wconf 89' lang='lat' dir='ltr'>cibum</span> <span class='ocrx_word' id='word_1_99' title='bbox 523 1923 620 2008; x_wconf 88' lang='lat' dir='ltr'>patre</span> <span class='ocrx_word' id='word_1_100' title='bbox 635 1910 817 2006; x_wconf 85' lang='lat' dir='ltr'>indignum</span> <span class='ocrx_word' id='word_1_101' title='bbox 833 1911 863 1986; x_wconf 93' lang='lat' dir='ltr'>ci</span> <span class='ocrx_word' id='word_1_102' title='bbox 882 1912 1182 2012; x_wconf 80' lang='lat' dir='ltr'>porrexissent(l).</span> <span class='ocrx_word' id='word_1_103' title='bbox 1205 1911 1435 2008; x_wconf 82' lang='lat' dir='ltr'>Quaequidem</span> 
     </span>
     <span class='ocr_line' id='line_1_15' title="bbox 173 2026 1532 2126; baseline -0.001 -26"><span class='ocrx_word' id='word_1_104' title='bbox 173 2027 427 2125; x_wconf 90' lang='lat' dir='ltr'>simplicitatem</span> <span class='ocrx_word' id='word_1_105' title='bbox 444 2027 590 2124; x_wconf 85' lang='lat' dir='ltr'>priscam</span> <span class='ocrx_word' id='word_1_106' title='bbox 616 2026 786 2118; x_wconf 84' lang='lat' dir='ltr'>redolent,</span> <span class='ocrx_word' id='word_1_107' title='bbox 805 2027 899 2100; x_wconf 89' lang='lat' dir='ltr'>lliadi</span> <span class='ocrx_word' id='word_1_108' title='bbox 936 2040 969 2102; x_wconf 91' lang='lat' dir='ltr'>et</span> <span class='ocrx_word' id='word_1_109' title='bbox 1002 2028 1139 2126; x_wconf 76' lang='lat' dir='ltr'>Odyssae</span> <span class='ocrx_word' id='word_1_110' title='bbox 1167 2026 1366 2118; x_wconf 88' lang='lat' dir='ltr'>assimilem,</span> <span class='ocrx_word' id='word_1_111' title='bbox 1393 2049 1437 2101; x_wconf 91' lang='lat' dir='ltr'>ac</span> <span class='ocrx_word' id='word_1_112' title='bbox 1529 2031 1532 2035; x_wconf 79' lang='grc'>’</span> 
     </span>
     <span class='ocr_line' id='line_1_16' title="bbox 172 2143 1434 2242; baseline 0.002 -26"><span class='ocrx_word' id='word_1_113' title='bbox 172 2144 256 2218; x_wconf 91' lang='lat' dir='ltr'>libet</span> <span class='ocrx_word' id='word_1_114' title='bbox 275 2165 353 2218; x_wconf 86' lang='lat' dir='ltr'>cum</span> <span class='ocrx_word' id='word_1_115' title='bbox 369 2144 549 2242; x_wconf 88' lang='lat' dir='ltr'>Sophoclis</span> <span class='ocrx_word' id='word_1_116' title='bbox 568 2143 751 2219; x_wconf 88' lang='lat' dir='ltr'>scholiaste</span> <span class='ocrx_word' id='word_1_117' title='bbox 765 2143 983 2241; x_wconf 83' lang='lat' dir='ltr'>(quiquidem</span> <span class='ocrx_word' id='word_1_118' title='bbox 1002 2145 1095 2219; x_wconf 83' lang='lat' dir='ltr'>iliam</span> <span class='ocrx_word' id='word_1_119' title='bbox 1110 2145 1229 2220; x_wconf 93' lang='lat' dir='ltr'>rudem</span> <span class='ocrx_word' id='word_1_120' title='bbox 1247 2144 1434 2242; x_wconf 88' lang='lat' dir='ltr'>antiquita-</span> 
     </span>
     <span class='ocr_line' id='line_1_17' title="bbox 174 2258 1435 2360; baseline 0 -26"><span class='ocrx_word' id='word_1_121' title='bbox 174 2270 244 2334; x_wconf 86' lang='lat' dir='ltr'>tem</span> <span class='ocrx_word' id='word_1_122' title='bbox 261 2260 404 2359; x_wconf 88' lang='lat' dir='ltr'>respuit)</span> <span class='ocrx_word' id='word_1_123' title='bbox 418 2259 716 2358; x_wconf 90' lang='lat' dir='ltr'>arbitrarialiquid</span> <span class='ocrx_word' id='word_1_124' title='bbox 732 2258 826 2335; x_wconf 92' lang='lat' dir='ltr'>exeis</span> <span class='ocrx_word' id='word_1_125' title='bbox 842 2260 1108 2336; x_wconf 87' lang='lat' dir='ltr'>narratiunculis</span> <span class='ocrx_word' id='word_1_126' title='bbox 1128 2261 1220 2359; x_wconf 90' lang='lat' dir='ltr'>apud</span> <span class='ocrx_word' id='word_1_127' title='bbox 1233 2260 1435 2360; x_wconf 78' lang='lat' dir='ltr'>AEschylum</span> 
     </span>
     <span class='ocr_line' id='line_1_18' title="bbox 173 2359 1435 2471; baseline -0.002 -20"><span class='ocrx_word' id='word_1_128' title='bbox 173 2386 416 2451; x_wconf 87' lang='lat' dir='ltr'>conservatum</span> <span class='ocrx_word' id='word_1_129' title='bbox 428 2398 515 2450; x_wconf 88' lang='lat' dir='ltr'>esse.</span> <span class='ocrx_word' id='word_1_130' title='bbox 542 2381 565 2445; x_wconf 78' lang='lat' dir='ltr'>&#39;r</span> <span class='ocrx_word' id='word_1_131' title='bbox 594 2374 723 2449; x_wconf 86' lang='lat' dir='ltr'>Verum</span> <span class='ocrx_word' id='word_1_132' title='bbox 739 2374 927 2470; x_wconf 89' lang='lat' dir='ltr'>Sophocles</span> <span class='ocrx_word' id='word_1_133' title='bbox 952 2359 1212 2449; x_wconf 67' lang='lat' dir='ltr'>aut&#39;audientes</span> <span class='ocrx_word' id='word_1_134' title='bbox 1239 2385 1373 2471; x_wconf 89' lang='lat' dir='ltr'>patrem</span> <span class='ocrx_word' id='word_1_135' title='bbox 1399 2375 1435 2449; x_wconf 94' lang='lat' dir='ltr'>in</span> 
     </span>
     <span class='ocr_line' id='line_1_19' title="bbox 176 2484 1436 2589; baseline 0.001 -25"><span class='ocrx_word' id='word_1_136' title='bbox 176 2519 193 2564; x_wconf 79' lang='lat' dir='ltr'>u</span> <span class='ocrx_word' id='word_1_137' title='bbox 223 2491 311 2565; x_wconf 87' lang='lat' dir='ltr'>tilios</span> <span class='ocrx_word' id='word_1_138' title='bbox 327 2490 512 2589; x_wconf 88' lang='lat' dir='ltr'>imprecari</span> <span class='ocrx_word' id='word_1_139' title='bbox 540 2491 584 2565; x_wconf 94' lang='lat' dir='ltr'>ob</span> <span class='ocrx_word' id='word_1_140' title='bbox 616 2514 737 2565; x_wconf 89' lang='lat' dir='ltr'>causus</span> <span class='ocrx_word' id='word_1_141' title='bbox 768 2490 882 2587; x_wconf 91' lang='lat' dir='ltr'>specie</span> <span class='ocrx_word' id='word_1_142' title='bbox 907 2490 1048 2565; x_wconf 86' lang='lat' dir='ltr'>leviores</span> <span class='ocrx_word' id='word_1_143' title='bbox 1075 2484 1166 2588; x_wconf 85' lang='lat' dir='ltr'>aegre</span> <span class='ocrx_word' id='word_1_144' title='bbox 1195 2490 1366 2580; x_wconf 90' lang='lat' dir='ltr'>tulissent,</span> <span class='ocrx_word' id='word_1_145' title='bbox 1396 2513 1436 2565; x_wconf 87' lang='lat' dir='ltr'>ac</span> 
     </span>
     <span class='ocr_line' id='line_1_20' title="bbox 176 2594 1432 2703; baseline 0.004 -28"><span class='ocrx_word' id='word_1_146' title='bbox 176 2636 193 2675; x_wconf 83' lang='lat'>»</span> <span class='ocrx_word' id='word_1_147' title='bbox 222 2629 382 2679; x_wconf 89' lang='lat' dir='ltr'>summus</span> <span class='ocrx_word' id='word_1_148' title='bbox 399 2616 502 2702; x_wconf 89' lang='lat' dir='ltr'>poeta</span> <span class='ocrx_word' id='word_1_149' title='bbox 523 2607 630 2679; x_wconf 92' lang='lat' dir='ltr'>multa</span> <span class='ocrx_word' id='word_1_150' title='bbox 646 2605 778 2679; x_wconf 91' lang='lat' dir='ltr'>addidit</span> <span class='ocrx_word' id='word_1_151' title='bbox 798 2628 873 2701; x_wconf 87' lang='lat' dir='ltr'>quae</span> <span class='ocrx_word' id='word_1_152' title='bbox 887 2608 1024 2703; x_wconf 90' lang='lat' dir='ltr'>culpam</span> <span class='ocrx_word' id='word_1_153' title='bbox 1046 2606 1240 2703; x_wconf 88' lang='lat' dir='ltr'>graviorem</span> <span class='ocrx_word' id='word_1_154' title='bbox 1254 2594 1432 2680; x_wconf 82' lang='lat' dir='ltr'>lacerent:</span> 
     </span>
     <span class='ocr_line' id='line_1_21' title="bbox 175 2717 1436 2817; baseline 0.002 -25"><span class='ocrx_word' id='word_1_155' title='bbox 175 2747 192 2792; x_wconf 79' lang='lat' dir='ltr'>u</span> <span class='ocrx_word' id='word_1_156' title='bbox 222 2717 373 2794; x_wconf 90' lang='lat' dir='ltr'>ostendit</span> <span class='ocrx_word' id='word_1_157' title='bbox 386 2741 510 2815; x_wconf 92' lang='lat' dir='ltr'>nempe</span> <span class='ocrx_word' id='word_1_158' title='bbox 530 2742 660 2793; x_wconf 91' lang='lat' dir='ltr'>caecum</span> <span class='ocrx_word' id='word_1_159' title='bbox 674 2742 714 2793; x_wconf 90' lang='lat' dir='ltr'>ao</span> <span class='ocrx_word' id='word_1_160' title='bbox 727 2741 843 2795; x_wconf 89' lang='lat' dir='ltr'>senem</span> <span class='ocrx_word' id='word_1_161' title='bbox 861 2720 995 2817; x_wconf 89' lang='lat' dir='ltr'>patrem</span> <span class='ocrx_word' id='word_1_162' title='bbox 1012 2720 1196 2795; x_wconf 90' lang='lat' dir='ltr'>crudeliter</span> <span class='ocrx_word' id='word_1_163' title='bbox 1215 2742 1236 2793; x_wconf 89' lang='lat' dir='ltr'>a</span> <span class='ocrx_word' id='word_1_164' title='bbox 1254 2719 1331 2794; x_wconf 87' lang='lat' dir='ltr'>filiis</span> <span class='ocrx_word' id='word_1_165' title='bbox 1345 2720 1436 2817; x_wconf 88' lang='lat' dir='ltr'>ejec-</span> 
     </span>
     <span class='ocr_line' id='line_1_22' title="bbox 176 2834 1436 2934; baseline 0.002 -24"><span class='ocrx_word' id='word_1_166' title='bbox 176 2865 193 2910; x_wconf 84' lang='grc'>))</span> <span class='ocrx_word' id='word_1_167' title='bbox 223 2847 296 2911; x_wconf 84' lang='lat' dir='ltr'>tutu</span> <span class='ocrx_word' id='word_1_168' title='bbox 310 2835 344 2908; x_wconf 91' lang='lat' dir='ltr'>in</span> <span class='ocrx_word' id='word_1_169' title='bbox 361 2834 496 2909; x_wconf 88' lang='lat' dir='ltr'>exilium</span> <span class='ocrx_word' id='word_1_170' title='bbox 509 2856 588 2910; x_wconf 68' lang='lat' dir='ltr'>&#39;esse</span> <span class='ocrx_word' id='word_1_171' title='bbox 604 2848 832 2932; x_wconf 91' lang='lat' dir='ltr'>coactumque</span> <span class='ocrx_word' id='word_1_172' title='bbox 848 2837 940 2934; x_wconf 92' lang='lat' dir='ltr'>apud</span> <span class='ocrx_word' id='word_1_173' title='bbox 976 2850 1135 2914; x_wconf 85' lang='lat' dir='ltr'>externos</span> <span class='ocrx_word' id='word_1_174' title='bbox 1165 2836 1307 2933; x_wconf 90' lang='lat' dir='ltr'>inopem</span> <span class='ocrx_word' id='word_1_175' title='bbox 1336 2861 1436 2934; x_wconf 92' lang='lat' dir='ltr'>pere·</span> 
     </span>
     <span class='ocr_line' id='line_1_23' title="bbox 175 2951 1436 3052; baseline 0.001 -25"><span class='ocrx_word' id='word_1_176' title='bbox 175 2981 192 3027; x_wconf 81' lang='lat' dir='ltr'>u</span> <span class='ocrx_word' id='word_1_177' title='bbox 223 2951 364 3052; x_wconf 84' lang='lat' dir='ltr'>grinari.</span> <span class='ocrx_word' id='word_1_178' title='bbox 388 2951 461 3036; x_wconf 83' lang='lat' dir='ltr'>Qua</span> <span class='ocrx_word' id='word_1_179' title='bbox 477 2951 775 3049; x_wconf 89' lang='lat' dir='ltr'>rationequamvis</span> <span class='ocrx_word' id='word_1_180' title='bbox 792 2953 901 3048; x_wconf 91' lang='lat' dir='ltr'>magis</span> <span class='ocrx_word' id='word_1_181' title='bbox 927 2965 1047 3050; x_wconf 91' lang='lat' dir='ltr'>aptum</span> <span class='ocrx_word' id='word_1_182' title='bbox 1072 2954 1318 3051; x_wconf 86' lang='lat' dir='ltr'>cohaerensque</span> <span class='ocrx_word' id='word_1_183' title='bbox 1336 2955 1436 3029; x_wconf 86' lang='lat' dir='ltr'>effin-</span> 
     </span>
     <span class='ocr_line' id='line_1_24' title="bbox 174 3068 1436 3167; baseline 0.003 -25"><span class='ocrx_word' id='word_1_184' title='bbox 174 3095 192 3142; x_wconf 84' lang='lat' dir='ltr'>u</span> <span class='ocrx_word' id='word_1_185' title='bbox 223 3079 317 3167; x_wconf 90' lang='lat' dir='ltr'>geret</span> <span class='ocrx_word' id='word_1_186' title='bbox 331 3090 454 3164; x_wconf 90' lang='lat' dir='ltr'>poema</span> <span class='ocrx_word' id='word_1_187' title='bbox 473 3091 536 3144; x_wconf 90' lang='lat' dir='ltr'>nec</span> <span class='ocrx_word' id='word_1_188' title='bbox 562 3068 637 3142; x_wconf 89' lang='lat' dir='ltr'>talis</span> <span class='ocrx_word' id='word_1_189' title='bbox 651 3068 765 3142; x_wconf 85' lang='lat' dir='ltr'>sabula</span> <span class='ocrx_word' id='word_1_190' title='bbox 794 3068 900 3143; x_wconf 86' lang='lat' dir='ltr'>veniae</span> <span class='ocrx_word' id='word_1_191' title='bbox 918 3068 1099 3166; x_wconf 86' lang='lat' dir='ltr'>indigeret,</span> <span class='ocrx_word' id='word_1_192' title='bbox 1122 3079 1237 3145; x_wconf 92' lang='lat' dir='ltr'>tamen</span> <span class='ocrx_word' id='word_1_193' title='bbox 1270 3092 1289 3142; x_wconf 90' lang='lat' dir='ltr'>a</span> <span class='ocrx_word' id='word_1_194' title='bbox 1315 3071 1436 3167; x_wconf 85' lang='lat' dir='ltr'>prisoae</span> 
     </span>
     <span class='ocr_line' id='line_1_25' title="bbox 176 3184 1436 3286; baseline 0.002 -26"><span class='ocrx_word' id='word_1_195' title='bbox 176 3213 193 3260; x_wconf 82' lang='lat' dir='ltr'>u</span> <span class='ocrx_word' id='word_1_196' title='bbox 223 3184 346 3286; x_wconf 84' lang='lat' dir='ltr'>fabulae</span> <span class='ocrx_word' id='word_1_197' title='bbox 379 3185 492 3258; x_wconf 81' lang='lat' dir='ltr'>forma</span> <span class='ocrx_word' id='word_1_198' title='bbox 514 3198 697 3283; x_wconf 87' lang='lat' dir='ltr'>menteque</span> <span class='ocrx_word' id='word_1_199' title='bbox 724 3185 867 3260; x_wconf 89' lang='lat' dir='ltr'>recessit</span> <span class='ocrx_word' id='word_1_200' title='bbox 896 3210 971 3283; x_wconf 84' lang='lat' dir='ltr'>quae</span> <span class='ocrx_word' id='word_1_201' title='bbox 996 3187 1166 3262; x_wconf 86' lang='lat' dir='ltr'>reserabat</span> <span class='ocrx_word' id='word_1_202' title='bbox 1200 3187 1368 3284; x_wconf 89' lang='lat' dir='ltr'>OEdipum</span> <span class='ocrx_word' id='word_1_203' title='bbox 1396 3213 1436 3263; x_wconf 86' lang='lat' dir='ltr'>ex</span> 
     </span>
     <span class='ocr_line' id='line_1_26' title="bbox 176 3299 1435 3399; baseline 0.002 -26"><span class='ocrx_word' id='word_1_204' title='bbox 176 3327 193 3373; x_wconf 78' lang='lat' dir='ltr'>a</span> <span class='ocrx_word' id='word_1_205' title='bbox 223 3300 384 3374; x_wconf 83' lang='lat' dir='ltr'>fatalibus</span> <span class='ocrx_word' id='word_1_206' title='bbox 404 3299 550 3396; x_wconf 86' lang='lat' dir='ltr'>peccatis</span> <span class='ocrx_word' id='word_1_207' title='bbox 571 3299 799 3375; x_wconf 90' lang='lat' dir='ltr'>insanabilem</span> <span class='ocrx_word' id='word_1_208' title='bbox 828 3301 942 3375; x_wconf 88' lang='lat' dir='ltr'>labem</span> <span class='ocrx_word' id='word_1_209' title='bbox 962 3302 1171 3399; x_wconf 88' lang='lat' dir='ltr'>concepisse,</span> <span class='ocrx_word' id='word_1_210' title='bbox 1194 3303 1287 3376; x_wconf 87' lang='lat' dir='ltr'>unde</span> <span class='ocrx_word' id='word_1_211' title='bbox 1320 3303 1435 3377; x_wconf 91' lang='lat' dir='ltr'>omnis</span> 
     </span>
     <span class='ocr_line' id='line_1_27' title="bbox 175 3415 1436 3516; baseline 0.005 -28"><span class='ocrx_word' id='word_1_212' title='bbox 175 3443 193 3488; x_wconf 79' lang='lat' dir='ltr'>o</span> <span class='ocrx_word' id='word_1_213' title='bbox 223 3416 406 3513; x_wconf 84' lang='lat' dir='ltr'>progenies</span> <span class='ocrx_word' id='word_1_214' title='bbox 430 3415 696 3491; x_wconf 87' lang='lat' dir='ltr'>consceleranda</span> <span class='ocrx_word' id='word_1_215' title='bbox 715 3426 821 3508; x_wconf 93' lang='lat' dir='ltr'>esset;</span> <span class='ocrx_word' id='word_1_216' title='bbox 850 3417 1000 3493; x_wconf 86' lang='lat' dir='ltr'>amentia</span> <span class='ocrx_word' id='word_1_217' title='bbox 1028 3441 1107 3492; x_wconf 91' lang='lat' dir='ltr'>eum</span> <span class='ocrx_word' id='word_1_218' title='bbox 1136 3417 1254 3512; x_wconf 90' lang='lat' dir='ltr'>agitari</span> <span class='ocrx_word' id='word_1_219' title='bbox 1287 3441 1436 3516; x_wconf 89' lang='lat' dir='ltr'>suosque</span> 
     </span>
     <span class='ocr_line' id='line_1_28' title="bbox 177 3532 1432 3633; baseline 0.002 -27"><span class='ocrx_word' id='word_1_220' title='bbox 177 3560 194 3606; x_wconf 78' lang='lat' dir='ltr'>a</span> <span class='ocrx_word' id='word_1_221' title='bbox 228 3545 328 3608; x_wconf 91' lang='lat' dir='ltr'>natos</span> <span class='ocrx_word' id='word_1_222' title='bbox 346 3532 529 3622; x_wconf 83' lang='lat' dir='ltr'>exsecrari,</span> <span class='ocrx_word' id='word_1_223' title='bbox 549 3555 620 3606; x_wconf 92' lang='lat' dir='ltr'>non</span> <span class='ocrx_word' id='word_1_224' title='bbox 636 3535 726 3631; x_wconf 91' lang='lat' dir='ltr'>qnod</span> <span class='ocrx_word' id='word_1_225' title='bbox 743 3534 786 3609; x_wconf 90' lang='lat' dir='ltr'>ab</span> <span class='ocrx_word' id='word_1_226' title='bbox 808 3535 850 3608; x_wconf 88' lang='lat' dir='ltr'>iis</span> <span class='ocrx_word' id='word_1_227' title='bbox 869 3534 1033 3632; x_wconf 88' lang='lat' dir='ltr'>iujuriam</span> <span class='ocrx_word' id='word_1_228' title='bbox 1050 3536 1219 3633; x_wconf 87' lang='lat' dir='ltr'>majorem</span> <span class='ocrx_word' id='word_1_229' title='bbox 1248 3535 1432 3632; x_wconf 87' lang='lat' dir='ltr'>acceperit,</span> 
     </span>
     <span class='ocr_line' id='line_1_29' title="bbox 178 3651 1434 3751; baseline 0.004 -29"><span class='ocrx_word' id='word_1_230' title='bbox 178 3675 196 3722; x_wconf 84' lang='lat' dir='ltr'>u</span> <span class='ocrx_word' id='word_1_231' title='bbox 226 3673 346 3724; x_wconf 89' lang='lat' dir='ltr'>verum</span> <span class='ocrx_word' id='word_1_232' title='bbox 363 3651 441 3748; x_wconf 91' lang='lat' dir='ltr'>quia</span> <span class='ocrx_word' id='word_1_233' title='bbox 460 3651 532 3748; x_wconf 88' lang='lat' dir='ltr'>jam</span> <span class='ocrx_word' id='word_1_234' title='bbox 549 3674 659 3725; x_wconf 91' lang='lat' dir='ltr'>caecus</span> <span class='ocrx_word' id='word_1_235' title='bbox 674 3651 830 3726; x_wconf 89' lang='lat' dir='ltr'>minister</span> <span class='ocrx_word' id='word_1_236' title='bbox 848 3652 958 3726; x_wconf 88' lang='lat' dir='ltr'>lactus</span> <span class='ocrx_word' id='word_1_237' title='bbox 976 3666 1028 3727; x_wconf 90' lang='lat' dir='ltr'>est</span> <span class='ocrx_word' id='word_1_238' title='bbox 1047 3651 1178 3727; x_wconf 90' lang='lat' dir='ltr'>ultricis</span> <span class='ocrx_word' id='word_1_239' title='bbox 1196 3652 1378 3751; x_wconf 79' lang='lat' dir='ltr'>Erinnym,</span> <span class='ocrx_word' id='word_1_240' title='bbox 1391 3654 1434 3727; x_wconf 89' lang='lat' dir='ltr'>ad</span> 
     </span>
     <span class='ocr_line' id='line_1_30' title="bbox 177 3767 962 3866; baseline 0 -27"><span class='ocrx_word' id='word_1_241' title='bbox 177 3793 194 3838; x_wconf 79' lang='lat' dir='ltr'>u</span> <span class='ocrx_word' id='word_1_242' title='bbox 226 3767 367 3841; x_wconf 85' lang='lat' dir='ltr'>exitium</span> <span class='ocrx_word' id='word_1_243' title='bbox 392 3767 504 3865; x_wconf 89' lang='lat' dir='ltr'>gentis</span> <span class='ocrx_word' id='word_1_244' title='bbox 517 3767 589 3842; x_wconf 87' lang='lat' dir='ltr'>Laii</span> <span class='ocrx_word' id='word_1_245' title='bbox 606 3781 826 3863; x_wconf 90' lang='lat' dir='ltr'>comparatus</span> <span class='ocrx_word' id='word_1_246' title='bbox 853 3767 914 3866; x_wconf 75' lang='lat' dir='ltr'>(T).</span> <span class='ocrx_word' id='word_1_247' title='bbox 944 3794 962 3839; x_wconf 80' lang='lat' dir='ltr'>o</span> 
     </span>
    </p>

    <p class='ocr_par' dir='ltr' id='par_1_4' title="bbox 174 3882 1505 4424">
     <span class='ocr_line' id='line_1_31' title="bbox 225 3882 1434 3982; baseline 0.002 -26"><span class='ocrx_word' id='word_1_248' title='bbox 225 3883 415 3979; x_wconf 86' lang='lat' dir='ltr'>Sophocles</span> <span class='ocrx_word' id='word_1_249' title='bbox 433 3883 539 3980; x_wconf 90' lang='lat' dir='ltr'>igitur</span> <span class='ocrx_word' id='word_1_250' title='bbox 554 3884 655 3980; x_wconf 90' lang='lat' dir='ltr'>plane</span> <span class='ocrx_word' id='word_1_251' title='bbox 670 3884 848 3980; x_wconf 90' lang='lat' dir='ltr'>opiniones</span> <span class='ocrx_word' id='word_1_252' title='bbox 866 3882 1049 3981; x_wconf 90' lang='lat' dir='ltr'>aequalium</span> <span class='ocrx_word' id='word_1_253' title='bbox 1065 3883 1244 3982; x_wconf 69' lang='lat' dir='ltr'>sequitur:</span> <span class='ocrx_word' id='word_1_254' title='bbox 1267 3895 1305 3958; x_wconf 92' lang='lat' dir='ltr'>ut</span> <span class='ocrx_word' id='word_1_255' title='bbox 1319 3906 1434 3959; x_wconf 90' lang='lat' dir='ltr'>ncces-</span> 
     </span>
     <span class='ocr_line' id='line_1_32' title="bbox 175 3997 1505 4098; baseline 0.002 -25"><span class='ocrx_word' id='word_1_256' title='bbox 175 3997 312 4073; x_wconf 89' lang='lat' dir='ltr'>sitatem</span> <span class='ocrx_word' id='word_1_257' title='bbox 344 3998 547 4097; x_wconf 87' lang='lat' dir='ltr'>expiationis</span> <span class='ocrx_word' id='word_1_258' title='bbox 574 3999 759 4095; x_wconf 90' lang='lat' dir='ltr'>quamdam</span> <span class='ocrx_word' id='word_1_259' title='bbox 793 4000 906 4098; x_wconf 90' lang='lat' dir='ltr'>legem</span> <span class='ocrx_word' id='word_1_260' title='bbox 934 4000 1054 4097; x_wconf 88' lang='lat' dir='ltr'>tragici</span> <span class='ocrx_word' id='word_1_261' title='bbox 1080 4001 1216 4096; x_wconf 92' lang='lat' dir='ltr'>generis</span> <span class='ocrx_word' id='word_1_262' title='bbox 1245 4012 1362 4074; x_wconf 88' lang='lat' dir='ltr'>tuetur</span> <span class='ocrx_word' id='word_1_263' title='bbox 1395 4023 1435 4075; x_wconf 88' lang='lat' dir='ltr'>ac</span> <span class='ocrx_word' id='word_1_264' title='bbox 1503 4061 1505 4064; x_wconf 89' lang='lat'>.</span> 
     </span>
     <span class='ocr_line' id='line_1_33' title="bbox 176 4115 1434 4215; baseline -0.001 -24"><span class='ocrx_word' id='word_1_265' title='bbox 176 4126 299 4206; x_wconf 90' lang='lat' dir='ltr'>servat,</span> <span class='ocrx_word' id='word_1_266' title='bbox 312 4116 360 4189; x_wconf 90' lang='lat' dir='ltr'>ita</span> <span class='ocrx_word' id='word_1_267' title='bbox 372 4117 414 4190; x_wconf 95' lang='lat' dir='ltr'>de</span> <span class='ocrx_word' id='word_1_268' title='bbox 432 4140 529 4191; x_wconf 86' lang='lat' dir='ltr'>noxae</span> <span class='ocrx_word' id='word_1_269' title='bbox 555 4115 742 4215; x_wconf 87' lang='lat' dir='ltr'>hereditate</span> <span class='ocrx_word' id='word_1_270' title='bbox 776 4115 892 4191; x_wconf 91' lang='lat' dir='ltr'>minus</span> <span class='ocrx_word' id='word_1_271' title='bbox 912 4115 1065 4208; x_wconf 86' lang='lat' dir='ltr'>laborat,</span> <span class='ocrx_word' id='word_1_272' title='bbox 1092 4116 1150 4214; x_wconf 92' lang='lat' dir='ltr'>qui</span> <span class='ocrx_word' id='word_1_273' title='bbox 1180 4117 1323 4190; x_wconf 90' lang='lat' dir='ltr'>moleste</span> <span class='ocrx_word' id='word_1_274' title='bbox 1348 4116 1434 4191; x_wconf 86' lang='lat' dir='ltr'>ierat</span> 
     </span>
     <span class='ocr_line' id='line_1_34' title="bbox 174 4216 1476 4331; baseline 0 -25"><span class='ocrx_word' id='word_1_275' title='bbox 174 4255 294 4330; x_wconf 92' lang='lat' dir='ltr'>poenas</span> <span class='ocrx_word' id='word_1_276' title='bbox 311 4232 353 4307; x_wconf 89' lang='lat' dir='ltr'>ab</span> <span class='ocrx_word' id='word_1_277' title='bbox 367 4232 551 4307; x_wconf 92' lang='lat' dir='ltr'>immeritis</span> <span class='ocrx_word' id='word_1_278' title='bbox 563 4231 671 4331; x_wconf 87' lang='lat' dir='ltr'>repeti</span> <span class='ocrx_word' id='word_1_279' title='bbox 686 4216 706 4305; x_wconf 83' lang='lat' dir='ltr'>a</span> <span class='ocrx_word' id='word_1_280' title='bbox 724 4231 799 4324; x_wconf 91' lang='lat' dir='ltr'>diis,</span> <span class='ocrx_word' id='word_1_281' title='bbox 829 4234 948 4308; x_wconf 85' lang='lat' dir='ltr'>credat</span> <span class='ocrx_word' id='word_1_282' title='bbox 966 4231 1115 4329; x_wconf 86' lang='lat' dir='ltr'>aliquam</span> <span class='ocrx_word' id='word_1_283' title='bbox 1141 4232 1281 4330; x_wconf 87' lang='lat' dir='ltr'>justitiae</span> <span class='ocrx_word' id='word_1_284' title='bbox 1300 4243 1432 4330; x_wconf 91' lang='lat' dir='ltr'>partem</span> <span class='ocrx_word' id='word_1_285' title='bbox 1473 4308 1476 4314; x_wconf 76' lang='grc'>,</span> 
     </span>
     <span class='ocr_line' id='line_1_35' title="bbox 175 4348 772 4424; baseline -0.002 -1"><span class='ocrx_word' id='word_1_286' title='bbox 175 4349 227 4424; x_wconf 84' lang='lat' dir='ltr'>rel</span> <span class='ocrx_word' id='word_1_287' title='bbox 244 4348 280 4424; x_wconf 89' lang='lat' dir='ltr'>in</span> <span class='ocrx_word' id='word_1_288' title='bbox 299 4349 460 4424; x_wconf 85' lang='lat' dir='ltr'>letalibus</span> <span class='ocrx_word' id='word_1_289' title='bbox 475 4348 639 4423; x_wconf 86' lang='lat' dir='ltr'>aerumnis</span> <span class='ocrx_word' id='word_1_290' title='bbox 654 4349 772 4424; x_wconf 86' lang='lat' dir='ltr'>latere.</span> 
     </span>
    </p>
   </div>
   <div class='ocr_carea' id='block_1_3' title="bbox 171 4579 1432 4920">
    <p class='ocr_par' dir='ltr' id='par_1_5' title="bbox 171 4579 1432 4920">
     <span class='ocr_line' id='line_1_36' title="bbox 208 4579 1432 4652; baseline 0 -18"><span class='ocrx_word' id='word_1_291' title='bbox 208 4580 241 4652; x_wconf 81' lang='lat' dir='ltr'>(ll</span> <span class='ocrx_word' id='word_1_292' title='bbox 257 4582 353 4636; x_wconf 92' lang='lat' dir='ltr'>Unum</span> <span class='ocrx_word' id='word_1_293' title='bbox 377 4579 480 4636; x_wconf 86' lang='lat' dir='ltr'>veteris</span> <span class='ocrx_word' id='word_1_294' title='bbox 502 4579 652 4635; x_wconf 83' lang='lat' dir='ltr'>Thebaidis</span> <span class='ocrx_word' id='word_1_295' title='bbox 667 4580 853 4650; x_wconf 80' lang='lat' dir='ltr'>fragmentum</span> <span class='ocrx_word' id='word_1_296' title='bbox 878 4579 982 4649; x_wconf 86' lang='lat' dir='ltr'>legitur</span> <span class='ocrx_word' id='word_1_297' title='bbox 1002 4595 1050 4650; x_wconf 86' lang='lat' dir='ltr'>ap.</span> <span class='ocrx_word' id='word_1_298' title='bbox 1071 4579 1217 4643; x_wconf 68' lang='lat' dir='ltr'>Athene„</span> <span class='ocrx_word' id='word_1_299' title='bbox 1233 4592 1291 4647; x_wconf 89' lang='lat' dir='ltr'>x11,</span> <span class='ocrx_word' id='word_1_300' title='bbox 1307 4596 1339 4650; x_wconf 91' lang='lat' dir='ltr'>p.</span> <span class='ocrx_word' id='word_1_301' title='bbox 1361 4581 1432 4646; x_wconf 78' lang='lat'>465,</span> 
     </span>
     <span class='ocr_line' id='line_1_37' title="bbox 173 4667 1429 4753; baseline -0.002 -28"><span class='ocrx_word' id='word_1_302' title='bbox 173 4670 293 4726; x_wconf 87' lang='lat' dir='ltr'>alterum</span> <span class='ocrx_word' id='word_1_303' title='bbox 308 4687 357 4742; x_wconf 85' lang='lat' dir='ltr'>ap.</span> <span class='ocrx_word' id='word_1_304' title='bbox 377 4669 471 4726; x_wconf 80' lang='lat' dir='ltr'>schol.</span> <span class='ocrx_word' id='word_1_305' title='bbox 491 4669 525 4725; x_wconf 84' lang='lat' dir='ltr'>ad</span> <span class='ocrx_word' id='word_1_306' title='bbox 541 4670 628 4741; x_wconf 90' lang='lat' dir='ltr'>Soph.</span> <span class='ocrx_word' id='word_1_307' title='bbox 647 4670 745 4741; x_wconf 88' lang='lat' dir='ltr'>OEdip.</span> <span class='ocrx_word' id='word_1_308' title='bbox 765 4669 865 4727; x_wconf 90' lang='lat' dir='ltr'>Colon.</span> <span class='ocrx_word' id='word_1_309' title='bbox 879 4668 969 4724; x_wconf 67' lang='lat' dir='ltr'>&#39;tate</span> <span class='ocrx_word' id='word_1_310' title='bbox 987 4668 1035 4723; x_wconf 87' lang='lat' dir='ltr'>Cf.</span> <span class='ocrx_word' id='word_1_311' title='bbox 1051 4668 1183 4740; x_wconf 87' lang='lat' dir='ltr'>AEscbyl.</span> <span class='ocrx_word' id='word_1_312' title='bbox 1197 4668 1325 4753; x_wconf 21' lang='lat' dir='ltr'>Sept-ad</span> <span class='ocrx_word' id='word_1_313' title='bbox 1340 4667 1429 4723; x_wconf 88' lang='lat' dir='ltr'>Theb.</span> 
     </span>
     <span class='ocr_line' id='line_1_38' title="bbox 171 4762 1098 4920; baseline 0 -19"><span class='ocrx_word' id='word_1_314' title='bbox 171 4762 361 4918; x_wconf 41' lang='lat' dir='ltr'>vquleOte,</span> <span class='ocrx_word' id='word_1_315' title='bbox 377 4847 493 4904; x_wconf 81' lang='lat' dir='ltr'>Histor.</span> <span class='ocrx_word' id='word_1_316' title='bbox 514 4862 603 4920; x_wconf 73' lang='lat' dir='ltr'>proc.</span> <span class='ocrx_word' id='word_1_317' title='bbox 623 4848 654 4917; x_wconf 95' lang='lat' dir='ltr'>I,</span> <span class='ocrx_word' id='word_1_318' title='bbox 670 4862 702 4918; x_wconf 93' lang='lat' dir='ltr'>p.</span> <span class='ocrx_word' id='word_1_319' title='bbox 720 4850 783 4914; x_wconf 84' lang='lat'>305,</span> <span class='ocrx_word' id='word_1_320' title='bbox 797 4862 875 4903; x_wconf 83' lang='lat' dir='ltr'>vers.</span> <span class='ocrx_word' id='word_1_321' title='bbox 898 4846 1016 4917; x_wconf 77' lang='lat' dir='ltr'>gallicae.</span> <span class='ocrx_word' id='word_1_322' title='bbox 1096 4847 1098 4852; x_wconf 87' lang='lat'>&#39;</span> 
     </span>
    </p>
   </div>
   <div class='ocr_carea' id='block_1_4' title="bbox 0 0 1614 5408">
    <p class='ocr_par' dir='ltr' id='par_1_6' title="bbox 0 0 1614 5408">
     <span class='ocr_line' id='line_1_39' title="bbox 0 0 1614 5408; baseline 0 0"><span class='ocrx_word' id='word_1_323' title='bbox 0 0 1614 5408; x_wconf 95' lang='lat' dir='ltr'> </span> 
     </span>
    </p>
   </div>
  </div>
 </body>
</html>
