3216 5408
219 487 348 584 ingenii
365 500 481 563 autem
501 491 666 586 peculiari
682 502 813 566 naturae
824 514 864 566 ae
881 492 952 567 suis
965 490 1073 589 ipsius
1088 491 1204 567 volens
1219 493 1339 567 nolens
1354 493 1476 568 studiis

192 687 193 690 Ἴ
217 605 398 702 indulgere
417 607 551 682 debeat.
565 609 712 684 Facilior
738 633 816 686 vero
834 611 978 685 materia
997 608 1180 708 minusque
1198 610 1409 684 incommodi
1423 623 1474 685 est

218 721 248 796 ei
267 721 328 819 qui.
357 738 430 809 res,‘
453 731 611 820 tempore
637 725 716 800 licet
734 726 997 819 remotissimas,
1028 749 1098 800 suae
1126 726 1237 823 gentis
1267 726 1475 822 aggreditur,

219 835 278 911 ubi
292 859 362 911 non
378 839 483 914 modo
514 840 610 914 omni
636 843 811 916 annalium
832 844 937 941 eopia·
956 848 1158 940 plerumque
1177 841 1341 931 abundet,
1363 842 1422 915 sed
1443 852 1477 916 et

219 952 513 1048 consanguinitate
525 955 631 1033 lretus
649 957 781 1059 veritati
802 958 1046 1055 antiquae,non
1062 956 1346 1067 repugnantibus·
1363 980 1475 1054 aequa-

218 1069 308 1144 libus
332 1069 509 1168 ipsiusque
537 1072 652 1148 indole
686 1075 908 1167 assentiente,
928 1075 1092 1151 inservire
1108 1085 1222 1171 queat.
1245 1073 1341 1148 Vana
1357 1085 1474 1148 autem

184 1255 186 1270 ,
217 1184 330 1284 specie
356 1186 487 1262 luditur
523 1199 557 1262 et
574 1212 716 1286 prorsus
746 1191 921 1288 tragoediae
941 1191 1173 1266 conditionem
1205 1189 1315 1264 nescit
1349 1189 1376 1262 si
1399 1189 1475 1286 quis

217 1325 355 1376 morum
376 1303 550 1380 veritatem
568 1304 602 1398 in
618 1298 721 1381 rebus
734 1307 837 1403 longo
868 1307 1047 1383 intervallo
1079 1305 1262 1402 disjunctis
1281 1304 1475 1401 apopulari

210 1420 403 1517 'poetasine
418 1422 487 1497 ullo
515 1423 698 1518 praesentis·
721 1425 836 1499 colore
868 1434 967 1522 putat
982 1434 1152 1498 servatum
1172 1423 1223 1495 iri.
1244 1423 1366 1517 Magna
1380 1421 1473 1524 enim

215 1536 263 1611 vis
277 1547 329 1612 est
344 1538 635 1636 aequalitatisque
647 1542 1013 1638 vetatquemquamita
1023 1543 1209 1615 recederea
1225 1539 1474 1614 consuetudine
1549 1575 1552 1579 ⁴

214 1650 290 1724 vitae
309 1663 344 1725 et
372 1648 580 1749 disciplinas,
608 1653 732 1750 quibus
752 1656 930 1752 apueritia
953 1655 1241 1747 informatorem,
1262 1655 1309 1728 ita
1322 1652 1473 1728 oblivisci

213 1779 253 1841 ut
274 1765 450 1842 vetustatis
477 1767 607 1864 imago,
640 1770 816 1845 memoriae
849 1783 883 1844 et
906 1771 1120 1869 cogitationis
1143 1795 1209 1867 ope
1225 1769 1472 1866 reparata,ipsi

214 1894 293 1958 ante
309 1884 427 1957 oculos
442 1883 576 1980 integra
595 1885 799 1984 sinceraque
813 1888 953 1962 veritate
972 1899 1149 1984 apparea-t.
1166 1887 1244 1960 Non
1263 1909 1354 1983 aegre
1373 1897 1473 1981 pocta

214 2000 407 2097 priscorum
420 2001 562 2075 nomina
572 2001 722 2082 virorum
740 2004 876 2100 situque
890 2005 1003 2079 obsita
1015 2004 1183 2078 vocabula
1200 2015 1309 2090 eruet,
1339 2001 1472 2076 obsole-

214 2126 286 2187 tam
320 2115 593 2210 supellectilem
607 2116 830 2194 histrionibus
860 2120 1000 2211 indue't3
1040 2120 1133 2193 baud
1171 2132 1300 2193 temere
1332 2117 1472 2213 antiqua

184 2217 355 2304 “aeoifina
385 2243 445 2304 aut
475 2231 622 2305 illustria
653 2233 728 2307 loca
761 2242 887 2330 magno
915 2236 1115 2330 redemptor
1130 2244 1271 2328 sumptu
1301 2233 1336 2303 in
1370 2253 1472 2305 scena

211 2344 403 2420 imitabitur
416 2359 581 2442 grataque
597 2348 747 2423 novitate
758 2349 882 2425 alliciet
900 2359 1149 2445 spectatorem:
1174 2346 1254 2445 qnid
1270 2347 1344 2420 haee
1356 2346 1482 2428 omnia,

212 2462 344 2536 veritati
364 2464 533 2558 prosunt?
547 2507 594 2520 -
609 2465 801 2540 Possumus
832 2490 885 2540 res
914 2466 1016 2553 Medii
1034 2465 1094 2540 aeri
1122 2466 1158 2538 in
1184 2464 1332 2560 antiquis
1348 2464 1473 2536 carmi·

211 2578 314 2653 nibus
345 2579 564 2654 absconditas
586 2582 760 2656 evolvere:
784 2582 859 2678 quis
878 2593 980 2680 pocta
999 2605 1092 2656 nuno
1109 2583 1190 2656 inde
1207 2578 1389 2654 materiam
1407 2578 1472 2652 sibi

212 2708 342 2797 sumat,
376 2694 442 2767 nisi
469 2694 586 2769 multis
611 2695 758 2787 omissis,
791 2696 946 2792 pluribus
973 2697 1114 2770 mutatis
1143 2697 1185 2770 ad
1222 2704 1348 2781 nostrae
1362 2694 1471 2768 aetatis

208 2809 380 2906 judicium
424 2813 749 2899 accommodatam?
786 2812 1034 2910 Quodcumque
1072 2812 1205 2909 longius
1242 2832 1262 2882 a
1308 2810 1470 2906 praesenti

212 2928 462 3003 consuetudine
489 2927 674 3024 discrepat,
704 2930 788 3004 falsa
803 2929 855 3003 sui
873 2928 1025 3026 imagine
1037 2939 1071 3004 et
1083 2927 1219 3023 ingenia
1239 2937 1419 3023 poctarum
1438 2937 1471 3000 et

212 3043 423 3118 audientium
442 3044 576 3135 animos
592 3034 718 3121 movet.
744 3045 827 3119 Aliae
848 3046 941 3120 eninr
969 3057 1051 3119 sunt
1068 3043 1221 3119 historici
1232 3055 1349 3140 partes
1367 3053 1470 3138 atque

154 3231 159 3242 ,
211 3161 369 3258 tragoedi,
395 3185 544 3259 quorum
576 3185 664 3236 unus
695 3185 811 3237 rerum
843 3163 968 3238 seriem
999 3172 1265 3257 temporumque
1298 3180 1411 3232 mores
1437 3169 1503 3231 et.

209 3275 367 3351 instituta
381 3276 567 3374 explicare,
584 3278 673 3352 alter
687 3277 862 3352 movendis
876 3277 1059 3352 affectibus
1074 3277 1212 3352 studere
1231 3274 1345 3350 debet.
1520 3288 1522 3292 ’

260 3393 342 3468 Haeo
374 3393 521 3482 omnia,'
546 3393 593 3467 'ni
627 3394 712 3469 salso
740 3394 939 3492 opinamur,
969 3395 1121 3491 locuples
1160 3392 1255 3468 testis
1283 3388 1468 3488 Sophocles

211 3511 467 3607 comprobabit,
481 3512 655 3608 quinctus
674 3512 1030 3588 AthenisresGraeoas
1048 3513 1092 3586 ad
1106 3509 1290 3606 aequalium
1309 3529 1408 3580 aures
1436 3516 1469 3579 et

210 3629 423 3723 voluptatem
439 3628 563 3725 saepius
576 3627 785 3718 immutavit,
799 3630 928 3703 nedum
944 3626 1103 3703 Cornelio
1129 3623 1313 3698 Raciniore
1334 3621 1469 3695 licuerit

209 3752 348 3816 aetatem
358 3765 457 3817 suam
467 3723 643 3840 aspernari
656 3743 848 3840 frigidaque
859 3743 1035 3817 vetustatis
1049 3739 1240 3843 imitatione
1251 3730 1465 3813 audientium

210 3857 347 3933 fastidia
359 3871 510 3956 captare.
