3216 5408
717 380 761 397 -
790 338 845 417 {ab
862 376 909 418 -.·

179 484 251 550 eta
271 473 342 550 filio
359 475 524 550 Haemone
545 453 693 552 Creonta
716 474 894 573 objurgari
912 474 1109 570 docerique‚
1144 471 1440 573 Glptaemnastram
1484 484 1486 491 '

178 591 222 666 ab
248 589 383 666 Electra
414 592 579 684 convinci,
614 592 773 691 Ulyssem
805 615 826 665 a
854 592 1079 690 Neoptolemo
1095 591 1329 690 reprehendi:
1358 592 1439 690 ipsis

178 703 307 779 Atridis
327 705 416 780 male
442 707 523 782 dicit
539 707 682 805 impune
705 708 849 798 Teucer,
865 706 1073 782 assentiente
1092 707 1224 804 Ulysse.
1256 706 1295 779 ln
1321 704 1440 783 demo·

180 820 285 895 cratia
300 844 379 897 raro
395 824 529 920 generis
547 835 582 900 et
601 824 805 900 conditionis
821 824 906 899 ratio
923 825 1085 915 habetur,
1106 824 1166 898 sed
1194 846 1269 921 quae
1295 824 1386 921 viget
1403 824 1439 898 in

179 937 281 1012 rebus
300 939 444 1036 publicis
461 940 741 1015 administrandis
754 963 853 1038 aequa
873 941 1012 1015 libertas
1025 950 1245 1037 potestasque
1259 940 1386 1015 sensim
1402 941 1438 1015 iu
1499 972 1503 978 ’

179 1052 255 1127 vitae
273 1053 520 1130 commercium
555 1055 758 1148 traducitur,
785 1066 824 1129 ut
855 1076 899 1129 ex·
927 1078 1024 1152 aequo
1046 1056 1132 1129 cives
1151 1054 1241 1129 inter
1259 1079 1295 1130 se
1326 1054 1439 1129 vivere

180 1181 388 1245 assuescant.
401 1168 447 1242 At
460 1171 591 1263 Romae,
605 1172 663 1246 ubi
679 1171 738 1245 diu
751 1170 938 1269 imperium
955 1194 1060 1269 penes
1075 1170 1259 1267 optimates
1273 1170 1442 1246 remansit

179 1283 281 1381 longe
307 1284 390 1360 alios
411 1309 524 1361 mores
540 1286 698 1377 invenis;
729 1287 785 1362 hic
811 1310 936 1384 nempe
970 1285 1145 1382 dignitatis
1176 1308 1217 1359 ac
1248 1285 1436 1384 majestatis

148 1400 282 1475 -veluti
308 1401 421 1498 patria
452 1402 732 1500 domiciliumque
770 1415 832 1478 est.
868 1402 1036 1500 Superbia
1067 1403 1224 1499 quaedam
1257 1401 1291 1474 in
1325 1401 1437 1476 verbis

74 1544 77 1549 ·
180 1516 306 1611 populo
325 1518 482 1592 Romano
500 1517 597 1591 valde
612 1508 794 1614 placebat:
819 1518 920 1593 Tullii
946 1541 1035 1616 saepe
1053 1519 1283 1614 eloquentiam
1299 1527 1332 1589 et
1349 1515 1437 1614 pris·

180 1654 300 1707 corum
333 1643 523 1706 oratorum·
539 1633 698 1731 reliquias
725 1656 787 1707 sua
812 1633 992 1730 majestate
1010 1631 1176 1729 insignit:
1204 1655 1275 1707 non
1289 1632 1437 1757 gratiam

179 1746 269 1844 apud
282 1746 518 1839 Athenienses,
533 1749 591 1823 sed
609 1748 836 1857 offensionem
852 1748 1040 1824 habuisset

228 1862 275 1936 Ut
287 1862 472 1939 verborum
500 1863 717 1962 simplicitate
742 1863 895 1938 carmina
911 1863 1090 1960 Sophoclis
1108 1885 1129 1938 a
1148 1827 1253 1962 lyricb
1268 1864 1383 1939 sonitu
1402 1876 1437 1940 et

179 1980 361 2079 splendore
388 1980 564 2074 differunt,
592 1979 755 2053 disserunt
770 1977 873 2053 etiam
892 2002 958 2053 usu
975 1977 1145 2076 frequenti
1161 1979 1320 2054 oratoriae
1338 1981 1435 2078 quasi

179 2096 411 2194 supellectilis⁰

219 2281 318 2343 Graiis
330 2281 501 2360 ingenium,
518 2279 618 2342 Graiis
632 2280 717 2341 dedit
735 2296 789 2341 ore
809 2280 956 2352 rotundo,

217 2383 300 2441 lllusa
312 2381 399 2459 loqui
410 2378 462 2459 (ad
476 2379 582 2440 Pison.
598 2397 626 2438 v.
643 2379 729 2458 323),
753 2445 755 2450 ,
818 2376 821 2381 '

225 2594 272 2672 ait
286 2594 443 2683 Flaccus,
466 2616 529 2667 nec
545 2592 846 2687 maleinterpretes
861 2558 1103 2665 intellexerunt
1116 2607 1144 2660 a
1158 2605 1335 2679 στρογγύλον
1347 2594 1432 2671 illud
1487 2614 1489 2620 ·

135 2695 138 2699 ’
177 2711 360 2808 significari
384 2711 475 2807 quod
504 2709 553 2784 ita
587 2708 735 2804 explicat
762 2708 964 2782 Ernestius:
997 2725 1062 2780 aar
1076 2724 1255 2797 στρογγύλον
1278 2712 1433 2787 rhetores

181 2855 199 2902 n
213 2828 323 2903 Graeci
333 2827 671 2925 dixeruntquidquid
686 2825 798 2899 verbis
808 2836 841 2898 et
851 2826 1028 2900 sententiis
1041 2828 1088 2901 ita
1102 2829 1320 2904 enuntiatum
1332 2842 1432 2923 esset,

179 2945 301 3019 tutin
325 2967 446 3018 eorum
472 2944 585 3018 forma
617 2941 842 3030 concinnitas,
875 2940 1043 3036 elegantia
1062 2953 1095 3017 et
1122 2944 1307 3019 artificium
1324 2969 1428 3044 appa·

179 3088 196 3133 a
213 3070 304 3136 reret
317 3059 379 3158 (l).
397 3085 414 3130 n
431 3059 585 3156 Apparet
596 3058 736 3154 quidem
752 3056 980 3131 artificinmin
991 3080 1219 3155 personarum
1233 3059 1432 3155 Sophocleae

175 3174 352 3274 tragoediae
368 3173 541 3263 diverbiis,
560 3184 705 3270 apparet
727 3172 899 3246 elaborata
914 3173 1139 3270 concinnitas,
1159 3197 1198 3248 ac
1216 3196 1304 3271 saepe
1320 3176 1432 3251 delec-

175 3292 310 3381 tationis
353 3291 527 3388 quoddam
564 3290 751 3387 aucupium
785 3289 966 3365 manifesto
1001 3291 1282 3388 deprehenditur.
1330 3292 1431 3370 Nunc

174 3399 304 3483 Atticos
318 3419 484 3496 oratores,
499 3426 592 3478 nunc
607 3403 794 3478 causidicos
804 3416 865 3477 aut
877 3406 929 3478 vel
945 3406 1116 3502 sophistas
1133 3407 1252 3483 audire
1265 3407 1326 3481 tibi
1338 3408 1430 3484 vide-

174 3524 232 3599 ris.
253 3521 418 3619 Exempla
431 3519 582 3617 deligere
598 3517 651 3592 vix
666 3542 752 3617 opus
771 3529 835 3608 est,
852 3542 960 3615 quum
976 3521 1166 3617 Sophoclea
1185 3522 1299 3596 omnis
1314 3522 1431 3598 tabula

175 3663 194 3714 e
209 3637 352 3735 dialogis
366 3659 407 3711 ac
421 3633 708 3732 disputationibus
721 3634 792 3710 lere
811 3646 885 3708 tota
901 3647 1046 3726 constet,
1060 3635 1095 3709 in
1113 3635 1237 3732 quibus
1252 3660 1429 3734 nunquam

174 3750 647 3846 deficiuutversnstanquam
666 3749 815 3824 oratoria
843 3759 928 3824 nota
956 3751 1092 3848 signati.
1116 3749 1295 3846 Excerptis
1313 3762 1429 3825 tamen

173 3852 290 3966 paucis
321 3890 361 3939 ex
379 3864 485 3962 'Ajace
517 3863 611 3954 locis,
640 3866 864 3939 ostendemus
893 3864 1008 3963 ipsum
1030 3865 1236 3962 Sophoclem
1265 3866 1430 3941 ornandae

173 3981 348 4057 sententiis
389 3979 534 4054 orationi
578 3979 758 4055 indulsisse
804 4005 915 4078 neque
948 4005 1028 4055 eurn
1075 3981 1251 4078 leporem,
1285 3994 1365 4073 aut,
1401 3980 1429 4054 si

171 4096 298 4187 marie,
325 4096 360 4168 id
387 4094 508 4167 vitium
540 4093 720 4191 proprium
750 4119 824 4171 esse
853 4095 1049 4193 Euripidis,
1078 4095 1135 4192 qui
1170 4105 1286 4170 tamen
1318 4097 1354 4170 io
1387 4104 1427 4172 eo

170 4235 312 4286 ornnem
347 4211 490 4285 modum
523 4211 686 4301 excessit3
715 4220 790 4286 turn
831 4213 994 4310 exempla¹
1023 4213 1207 4288 afferemus
1236 4214 1273 4288 in
1304 4213 1428 4311 quibus

169 4327 364 4424 eloquentia
374 4326 520 4400 sorensis
536 4323 675 4398 liberius
690 4349 872 4401 excurrere
900 4328 1036 4402 videtur
1052 4340 1086 4404 et
1100 4329 1285 4405 exsultare.

217 4443 329 4518 Ghoro
345 4453 379 4517 et
392 4441 808 4517 Tecmessa'audientibus
823 4444 907 4543 Ajar
924 4459 1080 4520 recenset
1097 4447 1269 4522 malorum
1284 4445 1425 4521 seriem:

168 4579 261 4630 nunc
273 4555 463 4653 ignominia
478 4566 663 4653 coopertus
681 4557 723 4630 ad
739 4568 873 4654 patrem
895 4581 965 4662 non
990 4559 1094 4634 audet
1112 4561 1240 4652 redire,
1259 4582 1324 4634 uec
1353 4559 1426 4634 vult

203 4769 238 4842 (ll
247 4770 361 4826 Ernesti
380 4767 503 4826 Lartem
517 4769 690 4827 rhetoricum
704 4771 849 4830 laudatum
863 4789 880 4828 a
894 4775 1054 4840 Duebnerio
1069 4775 1106 4832 ad
1122 4776 1214 4832 locum
1229 4775 1346 4831 Horati.
