3216 5408
114 530 117 537 .
183 470 298 564 beret,
315 472 374 547 sed
395 483 433 546 ot
450 471 486 544 in
506 468 630 547 fabulis
656 493 740 570 qaas
769 472 812 546 de
830 469 949 569 priscis
965 469 1031 546 illis
1050 482 1241 570 acceperet,
1255 473 1447 548 humanam

188 598 348 662 naturam
367 585 580 683 depingeret,
596 585 736 683 qualem
755 586 827 684 ipse
858 597 1034 682 cognorat.
1054 585 1130 666 Nec
1146 578 1261 660 minus
1281 587 1448 684 probabi·

185 701 265 778 liter
275 703 340 778 alia
351 703 455 778 etiam
465 701 579 799 colligi
592 701 673 776 inde
689 701 774 774 mihi
784 700 943 776 ridentur
955 708 1077 800 posse:
1094 701 1219 798 primo,
1233 690 1446 779 Gallicarum

186 817 437 915 tragoediarum
463 826 620 891 auctores
645 838 715 890 non
740 831 833 891 solos
864 817 957 919 vitio,
982 818 1012 891 si
1039 816 1158 895 vitium
1182 826 1245 910 est,
1265 819 1448 916 praesentia

187 943 346 1030 tempora
359 931 521 1006 imitandi
535 931 729 1023 indulsisse,
744 941 778 1006 et
792 930 881 1006 bene
890 930 1067 1029 Sophoclis
1079 934 1234 1029 exemplo
1250 933 1294 1007 ab
1309 933 1447 1010 obtrec-

187 1059 339 1123 tatorum
368 1046 525 1143 conviciis
549 1047 706 1139 defendi,
755 1048 919 1140 secundo,
954 1048 1097 1123 minime
1127 1048 1220 1123 velut
1238 1049 1447 1130 ‚absolutum

185 1163 601 1261 exemplumtragoediam
612 1164 767 1239 Graecam
793 1165 894 1238 unice
906 1164 1168 1262 proponendam
1184 1165 1446 1241 adimitandum
1487 1165 1490 1170 ’

184 1302 272 1354 esse.
304 1279 354 1352 Ea
379 1278 472 1353 enim
506 1302 581 1374 quae
614 1277 736 1353 melius
773 1278 885 1353 Attica
914 1278 1058 1370 dicatur,
1077 1278 1206 1376 species
1224 1281 1447 1378 estquaedam

183 1394 352 1469 excellens
369 1404 403 1468 et
422 1393 518 1468 omni
541 1393 642 1468 laude
669 1393 774 1490 digna
800 1393 989 1491 tragoediae,
1016 1416 1085 1467 non
1103 1393 1318 1492 solaspecies
1333 1396 1446 1471 excel-

182 1510 284 1585 lentis
311 1509 490 1607 tragoediae
512 1520 577 1584 est.
618 1510 721 1584 Nulla
750 1533 804 1585 res
841 1511 1090 1607 magis-'quam
1118 1512 1231 1610 poesis
1248 1523 1444 1609 temporum

182 1626 381 1703 conditione
399 1635 572 1717 mutatur:
592 1626 710 1706 volens
723 1625 843 1700 nolens
860 1626 1043 1723 aequalium
1055 1650 1176 1703 mores
1190 1638 1224 1704 et
1243 1651 1325 1702 usus
1340 1639 1445 1725 poeta
1497 1701 1504 1711 ,

181 1743 386 1818 imitabitur.
406 1742 541 1839 ltaque,
557 1754 596 1817 ut
609 1765 690 1817 eum
713 1752 798 1839 puto
824 1742 974 1817 multum
989 1745 1174 1841 profecisse
1187 1745 1245 1842 qni
1264 1744 1447 1842 Sophoclis

180 1845 376 1934 urbanitate
392 1880 433 1931 ac
455 1853 632 1932 venustate
657 1856 860 1948 delectetur,
890 1859 938 1932 ita
956 1860 1131 1935 neminem
1156 1883 1234 1935 reor
1245 1883 1315 1934 non
1327 1884 1444 1936 errare

182 1974 369 2074 quioredat
385 1974 468 2047 artis
485 1972 605 2049 Atticae
621 1998 702 2047 usus
720 1973 755 2046 in
771 1996 909 2047 scenam
924 1985 1077 2049 nostram
1096 1989 1173 2071 apte
1186 1975 1307 2050 deduci
1326 1999 1442 2072 posse.

184 2088 351 2184 Exempla
369 2088 508 2185 quidem
531 2087 672 2183 antiqua
697 2096 731 2163 et
739 2100 895 2183 externa
910 2112 999 2187 saepe
1011 2082 1144 2163 versare
1164 2087 1330 2162 debemus
1343 2101 1384 2163 ut
1401 2115 1443 2166 ex

181 2212 364 2275 auctorum
390 2199 631 2275 excellentium
660 2201 868 2276 commercio
904 2212 1047 2277 acuatur
1064 2198 1248 2301 judicium,
1261 2202 1442 2299 ingenium

180 2326 336 2406 ornetur,
355 2338 427 2390 non
437 2324 475 2391 ut
486 2314 679 2389 imitatores
693 2314 843 2404 humiles
857 2316 978 2390 etcaeoi
990 2315 1132 2413 vestigia
1145 2315 1262 2412 magni
1276 2315 1443 2414 cujusque

177 2442 287 2529 poetae
299 2432 466 2528 legamus.
508 2431 577 2506 Res
605 2444 730 2528 nempe
764 2431 930 2507 hodierna
945 2446 996 2506 est
1013 2432 1137 2531 poesis,
1152 2454 1227 2529 quae
1244 2454 1263 2506 e
1280 2425 1442 2530 praesenti

177 2554 278 2620 aetate
305 2556 414 2620 totam
428 2546 496 2619 vim
512 2568 611 2621 suam
626 2545 748 2620 ducat:
768 2546 850 2621 inde
866 2547 989 2640 oritur,
1003 2548 1094 2639 vivit,
1110 2547 1236 2645 spirat:
1256 2545 1284 2619 si
1301 2549 1440 2644 quando

142 2715 145 2723 .
177 2659 309 2734 amictu
332 2660 474 2757 antiquo
513 2659 547 2733 in
571 2659 884 2736 dissimulationem
907 2663 960 2736 sui
992 2663 1184 2760 composita
1216 2662 1342 2760 prodit,
1361 2664 1441 2739 licet

116 2764 118 2770 ’
177 2779 383 2849 vetustatem
412 2783 447 2849 et
474 2773 634 2872 ingressu
657 2786 693 2850 et
719 2772 815 2872 g'estu
841 2777 1003 2874 effingere
1034 2778 1123 2870 velit,
1157 2800 1236 2852 mox
1264 2778 1304 2852 iis
1339 2777 1436 2876 ipsis,

177 2912 253 2986 quae
270 2889 441 2987 loquitur,
458 2889 609 2966 indicata
618 2909 629 2979 ·,
647 2914 748 2967 suam
768 2891 971 2989 imprudens
982 2893 1198 2991 juventutem
1217 2894 1336 2992 aperit.

224 3166 300 3242 Vidi
315 3188 356 3241 ac
374 3167 506 3266 perlegi
535 3267 537 3271 Ι
1542 3268 1553 3284 Α

223 3300 367 3398 Lutetiae
399 3298 613 3374 Parisiorum
658 3301 694 3376 in
730 3302 890 3379 Sorbona
924 3323 956 3376 a.
992 3303 1027 3377 d.
1057 3302 1103 3377 lll
1131 3326 1213 3379 non.
1239 3301 1318 3378 Mai.
1350 3326 1433 3381 ann.

176 3410 456 3539 MDGGCLllXIl.
510 3415 513 3421 '

296 3696 301 3704 .
319 3594 516 3669 Facultates
532 3595 731 3672 litterarum
743 3598 783 3672 ia
797 3598 983 3673 Academia
996 3599 1190 3674 Porisicnai
1207 3600 1374 3692 diacanos,
1422 3600 1425 3605 ’

859 3732 1013 3807 ΡΑΤΙΝ.

846 3964 949 4063 Tppis
962 3964 1154 4040 Mandetur.

655 4098 846 4177 Academica
857 4100 1065 4176 Porisienais
1076 4101 1199 4178 Rector
1212 4158 1223 4193 ,

825 4236 865 4309 A.
884 4233 1099 4312 MOURIER.

164 4758 246 4825 'mm
256 4804 277 4816 -
285 4787 334 4834 ιη.
346 4784 501 4825 usitandum
509 4787 529 4826 ot
537 4790 570 4826 ει.
