3216 5408
180 538 247 612 que
263 513 528 614 disputationem
544 518 619 613 qnae
652 529 834 615 postquam
866 516 966 591 variis
979 513 1113 593 artibus
1127 518 1348 617 peramplius
1368 529 1440 595 tre-

179 643 295 738 centos
325 657 443 708 versus
479 646 631 708 extracta
648 647 709 725 est,
736 636 875 711 tandem
892 635 1125 733 compescitur
1142 637 1290 711 adventu
1308 646 1342 710 et
1356 659 1439 734 pru·
1480 707 1483 711 ,

177 747 291 824 dentia
322 750 470 849 Ulyssis:
496 750 537 823 in
563 762 632 825 tam
658 752 828 848 producta
845 752 1077 827 controversia
1111 752 1280 861 minorem
1297 774 1439 849 poeseos

142 877 147 888 ’
177 867 447 961 partem,multo
474 866 643 964 majorem
671 868 860 942 rhetorices
891 891 964 943 esse
979 866 1063 940 nihil
1090 867 1312 965 mirum,quo
1329 867 1438 944 etiam

134 970 140 1019 ·’
176 980 256 1057 vitio
271 983 382 1057 nostri
394 983 528 1059 Horatii
543 984 683 1081 quintus
704 999 814 1076 actae,
832 985 907 1082 ipso
920 985 1034 1083 judice
1051 983 1225 1074 Cornelio,
1244 985 1389 1058 laborat.

94 1169 97 1173 .
189 1133 191 1138 ·
223 1099 337 1175 Locus
356 1110 471 1176 autern
501 1102 715 1201 Sophocleus
742 1103 967 1203 sanedignus
986 1102 1313 1201 estquempropius
1329 1101 1438 1199 inspi-

177 1237 322 1292 cramus.

96 1319 98 1334 '
224 1330 307 1404 Haec
333 1331 566 1432 controversia
595 1355 616 1406 a
644 1356 745 1407 versu
782 1329 877 1406 1047
911 1333 954 1406 ad
983 1354 1122 1406 versum
1151 1330 1246 1406 1373
1273 1332 1434 1429 pertinet.

176 1446 283 1521 Adest
294 1447 447 1545 primum
464 1445 639 1530 Menelaus
660 1448 847 1546 prohibens
862 1473 906 1525 ne
925 1451 1057 1524 Teucer
1069 1447 1197 1548 inclyto
1214 1449 1313 1524 fratri
1325 1449 1439 1524 officia
1514 1498 1517 1505 »

176 1586 339 1659 suprema
353 1565 474 1638 solvat.
492 1564 682 1662 Postquam
695 1565 876 1640 edisseruit
886 1587 962 1664 quae
972 1564 1057 1662 Ajax
1071 1565 1270 1661 peccaverit,
1285 1588 1438 1662 pronun·

177 1679 237 1753 tiat
251 1702 374 1778 corpus
383 1680 459 1778 jam
477 1681 720 1780 lerispraedam
736 1682 912 1779 objectum
924 1681 979 1755 iri.
993 1682 1084 1755 Tum
1104 1681 1164 1755 ubi
1181 1680 1436 1756 contumaciam

176 1796 346 1892 quavivus
364 1796 452 1893 Ajax
467 1797 518 1870 uti
526 1799 665 1890 soleret,
675 1799 906 1896 reprehendit,
922 1799 1037 1873 locum
1050 1799 1252 1896 aggreditur
1263 1798 1306 1872 ad
1316 1797 1364 1872 rei
1375 1822 1437 1895 pu·

175 1909 274 1987 hlicae
288 1911 624 2019 administrationem
642 1914 884 2011 pertinentem,
904 1915 1070 2010 docetque
1084 1912 1292 1989 modestiam
1307 1922 1340 1988 et
1353 1913 1437 1988 ohe-

174 2026 339 2103 dientiam
365 2026 459 2101 domi
490 2027 687 2125 militiaque
719 2030 901 2104 colendam
933 2052 1017 2104 esse.
1046 2030 1147 2103 Haud
1157 2028 1317 2125 ineptum
1331 2051 1436 2125 argu-

175 2153 330 2218 mentum
361 2157 423 2232 est,
453 2142 616 2239 quoniam
636 2145 768 2220 Teucer
782 2146 856 2242 ipse
886 2168 1002 2220 revera
1016 2145 1156 2245 petitur,
1171 2145 1229 2242 qui
1240 2145 1283 2218 ab
1296 2143 1434 2240 incepto

81 2252 83 2255 ’
174 2260 398 2336 deterrendus
423 2268 487 2332 est.
516 2258 645 2331 Verum
674 2259 758 2332 nihil
773 2260 808 2332 in
824 2261 992 2335 concinna
1009 2260 1163 2335 oratione
1186 2259 1330 2349 heroici,
1348 2259 1433 2331 nihil
1458 2348 1461 2354 ¹

173 2374 365 2450 Homerici:
394 2396 449 2448 res
469 2373 643 2470 verbaque
656 2373 867 2450 Atheniense
879 2375 994 2450 lorum
1009 2398 1078 2450 non
1097 2374 1261 2471 ambigua
1275 2373 1440 2465 similitor

172 2491 252 2567 dine
269 2493 436 2566 referunt.
1190 2588 1192 2592 Ι
1535 2485 1537 2489 ’

221 2607 402 2681 Sententia
437 2605 579 2684 orditur¹
602 2606 735 2680 Teucer
767 2606 910 2682 minime
938 2607 1099 2705 antiqua,
1121 2608 1169 2681 nil
1198 2606 1327 2681 mirum
1360 2630 1433 2682 esse

173 2721 330 2796 homines
345 2719 513 2816 ignobiles
533 2715 750 2795 transversos
767 2721 833 2817 agi,
856 2745 964 2819 quum
994 2721 1060 2818 ipsi
1097 2721 1282 2818 optimates
1304 2744 1329 2795 -a
1353 2708 1432 2795 vero

150 2833 153 2839 ’
169 2839 333 2936 justoque
349 2835 554 2937 desciscant.
573 2836 662 2910 Tum
682 2849 787 2936 negat
804 2839 914 2912 ullum
928 2839 985 2934 jus
1002 2849 1061 2910 aut
1076 2837 1262 2934 imperium
1277 2836 1432 2910 Menelao
1463 2866 1465 2871 ·

173 2975 247 3028 esse
261 2953 296 3024 in
315 2952 468 3050 Ajacem,
486 2975 589 3049 quem
608 2952 704 3026 addit
718 2953 861 3028 Achaeos
875 2954 1078 3046 comitatum
1094 2975 1169 3026 esse
1195 2962 1233 3026 ut
1254 2952 1432 3050 jusjuran-

172 3069 256 3151 dum
275 3080 426 3145 servaret
445 3070 501 3166 (de
535 3091 602 3166 quo
632 3068 719 3144 nihil
746 3068 942 3168 Homerus),
962 3051 1049 3143 'non
1080 3060 1219 3143 Helenae
1245 3068 1432 3144 Menelaive

174 3183 299 3280 gratia.

220 3300 298 3373 Jam
314 3323 436 3373 verum
457 3300 654 3374 conseritur
685 3312 861 3374 certamen
889 3300 1069 3398 versuique
1097 3298 1282 3395 respondet
1301 3319 1429 3372 versus.

102 3496 105 3504 ,
172 3415 351 3513 Nusquam
366 3416 462 3491 deest
479 3416 612 3490 Atticus
644 3416 748 3490 color.
773 3417 902 3490 Arcum
929 3418 1139 3514 sagittasque
1156 3416 1289 3489 Teucro
1312 3414 1430 3489 Mene-

170 3530 246 3607 laos
281 3532 473 3630 exprobrat.
510 3531 570 3604 llle
603 3533 707 3607 refert
732 3557 769 3607 se
794 3556 865 3606 non
900 3533 1002 3606 vilem
1035 3530 1280 3628 sordidamque
1315 3540 1427 3605 artem

172 3668 341 3722 exercere.
365 3649 454 3752 Turn
486 3646 661 3723 Menelaus
694 3675 701 3721 :
736 3675 753 3720 a
782 3649 881 3740 Quid,
899 3648 927 3722 si
963 3647 1119 3745 clypeum
1140 3648 1354 3742 gestares‘lo
1382 3686 1431 3702 -

175 3787 193 3833 a
221 3763 408 3861 Erpeditus
427 3775 522 3837 tuam
538 3786 678 3860 gravem
693 3774 905 3837 armaturam
931 3761 1016 3835 nihil
1046 3769 1249 3834 metuerem.
1283 3787 1300 3831 u
1335 3760 1431 3835 Talia

168 3879 284 3976 jurgia
295 3879 385 3953 inter
400 3877 525 3953 milites
540 3878 682 3971 Atticos,
702 3883 802 3964 ψιλούς
819 3889 853 3954 et
866 3890 1002 3959 tataros,
1020 3899 1090 3950 non
1106 3897 1185 3950 rara
1203 3885 1328 3950 erant.

220 3996 293 4071 Nec
310 3996 490 4071 ridiculam
504 3997 718 4073 dicacitatem
736 3999 868 4096 spernit
882 4007 995 4096 poeta.

210 4182 385 4241 Murenam.
411 4215 450 4226 -
471 4184 633 4259 Justumne
662 4202 738 4264 ergo
764 4200 895 4259 censes,
917 4183 998 4244 hene
1027 4196 1097 4240 cum
1120 4178 1180 4238 hoc
1209 4175 1271 4256 agi,
1296 4177 1350 4254 qui
1378 4197 1428 4242 me
1543 4237 1546 4241 .

172 4277 316 4339 occidit?
1063 4349 1064 4352 Ἴ
1091 4291 1092 4294 ’

211 4378 344 4439 Tnucrn.
365 4410 405 4425 -
425 4377 485 4452 Qui
509 4376 643 4442 occiditl
667 4379 776 4441 Mirum
797 4374 915 4452 narras,
946 4376 973 4438 si
1011 4374 1137 4465 quidem
1169 4372 1248 4436 viris
1274 4379 1427 4432 mortuus.
1540 4431 1543 4439 ,

172 4472 336 4558 (vomo)

220 4689 355 4788 Duplici
369 4690 585 4788 peroratione
604 4690 836 4766 controversia
853 4687 1081 4765 concluditur.
1115 4689 1297 4762 Mutuatur
1313 4682 1431 4757 Mene-

172 4803 246 4882 laus
260 4806 430 4884 anantica
458 4805 721 4885 Atheniensium
756 4805 1005 4884 consuetudine
1037 4803 1237 4905 apologum.
1274 4799 1431 4900 Apologo
