3216 5408
759 1524 774 1610 l

143 1743 178 1801 De
194 1745 278 1792 aetatis
296 1745 407 1795 heroicae
420 1748 547 1798 institutis
562 1752 704 1800 secundum
722 1753 877 1808 Homerum,
898 1753 979 1816 deque
997 1754 1028 1802 iis
1049 1769 1107 1818 qnae
1124 1756 1272 1805 communia
1291 1755 1399 1806 Graeciae

402 1829 538 1878 recentiori
552 1844 611 1879 cum
622 1831 736 1895 antiquis
750 1830 909 1898 temporibus
920 1832 1041 1882 videntur
1054 1833 1141 1884 fuisse.

674 2048 870 2059 -ῃ

187 2280 259 2365 Quo
273 2278 403 2364 facilius
421 2277 585 2374 dispicere
601 2275 773 2373 possimus
787 2284 957 2370 quatenus
969 2271 1158 2368 Sophocles
1170 2270 1206 2343 in
1224 2271 1399 2367 tragoediis

138 2403 334 2492 temporum
352 2394 525 2470 veritatem
542 2383 680 2465 secutus
697 2390 749 2478 sit,
773 2388 901 2463 Graecae
932 2387 1028 2484 prius
1046 2386 1259 2484 antiquitatis
1277 2387 1400 2484 imagi·

139 2533 216 2584 nem
226 2509 377 2585 summis
410 2507 625 2584 lineamentis
654 2503 967 2597 adumbrabimus;
998 2514 1172 2602 quaeretur
1189 2502 1293 2578 etiarn
1313 2527 1399 2579 num

140 2628 279 2726 vestigia
293 2626 469 2701 vetustatis
483 2625 575 2700 illius
593 2648 664 2699 non
680 2646 789 2722 pauca
816 2645 926 2753 usque
949 2619 1203 2718 superfuerint
1194 2643 1229 2693 m
1243 2619 1398 2696 moribus

139 2760 261 2840 quaeat
278 2745 313 2817 in
346 2745 527 2839 poetarum
557 2742 719 2851 operibus
752 2766 792 2816 ex
826 2741 900 2838 ipsa
927 2762 1042 2816 rerum
1063 2736 1265 2813 necessitate
1283 2737 1398 2836 potius

139 2882 240 2955 quam
256 2860 299 2935 de
314 2858 485 2934 industria
503 2867 800 2934 conservarentur

185 2961 309 3048 AEtatis
335 2973 485 3048 heroicae
499 2975 592 3048 unde
612 2973 799 3072 Sophocles
809 2972 1005 3048 fabularum
1027 2970 1206 3046 materiem
1219 2993 1397 3046 assumere

138 3090 279 3182 solebat,
300 3091 423 3166 certior
452 3091 565 3165 omnis
595 3091 745 3190 cognitio
771 3090 814 3165 ab
841 3090 994 3165 Homero
1025 3087 1254 3187 proficiscitur
1270 3087 1328 3186 qui
1360 3086 1397 3161 in

108 3300 112 3304 Ι
136 3201 238 3280 lliade
252 3218 284 3280 et
298 3207 333 3279 in
366 3206 517 3305 Odyssea
530 3230 599 3282 non
620 3208 736 3304 praelia
753 3216 888 3282 tantum
902 3219 963 3281 aut
980 3228 1076 3281 casus
1092 3202 1398 3295 admirabiles,sed
1426 3188 1432 3202 ⁸

136 3335 171 3399 et
199 3322 353 3397 instituta
373 3322 578 3422 populorum
600 3346 782 3420 moresque
802 3321 984 3417 descripsit
997 3320 1058 3419 (l).
1094 3320 1258 3395 Videmus
1273 3341 1397 3394 omnes
1474 3395 1489 3415 ‚

137 3437 275 3512 Graeciae
305 3448 424 3533 gentes
469 3460 531 3533 per
565 3437 659 3512 illam
691 3437 929 3535 antiquitatem
973 3436 1069 3533 regio
1117 3434 1257 3510 luisse
1247 3433 1396 3532 imperio

137 3555 307 3651 subjectas
360 3578 471 3651 neque
522 3552 776 3692 aristocratiarn
833 3576 981 3650 usquam
1041 3564 1101 3625 ant
1150 3549 1398 3626 democratiam

105 3668 296 3766 'viguisse

102 3866 104 3870 ,
184 3784 390 3883 Quanquam
421 3807 518 3882 reges
547 3787 619 3884 jam
658 3785 842 3863 Homerica
870 3796 970 3860 aetate
1000 3784 1164 3881 dignitate
1194 3783 1396 3859 sacerdotali

136 3912 264 3992 carent,
302 3894 482 3999 cultusque
516 3902 662 3977 deornm
703 3911 737 3977 et
764 3902 923 3976 universa
965 3899 1138 3999 religionis
1175 3922 1259 3974 cura
1290 3922 1396 3997 penes

137 4001 287 4112 privatos
314 4018 471 4093 homines
496 4023 565 4108 ast,
597 4030 713 4094 tamen
728 4019 820 4117 apud
838 4041 896 4094 eos
911 4019 1069 4115 quaedam
1084 4015 1263 4091 sanctioris
1279 4015 1397 4091 condi-

136 4133 238 4207 tionis
254 4134 396 4231 vestigia
429 4151 684 4211 remanserunt.
718 4137 885 4210 [licuntur
912 4135 1040 4233 ubique
1065 4135 1209 4209 deorum
1241 4133 1314 4208 nati
1344 4130 1397 4208 rel

135 4247 267 4322 alumni
285 4248 445 4345 (διογενεῖς,
469 4258 616 4338 arastes
637 4252 811 4346 βασιλῆες),
841 4273 916 4353 qnae
942 4251 1083 4326 nomina
1102 4272 1172 4324 non
1197 4249 1397 4334 reverentiae
1483 4342 1489 4355 .

136 4387 237 4440 causa
278 4375 339 4439 aut
375 4364 488 4462 prisca
522 4391 563 4439 ex
595 4366 844 4461 consuetudine
889 4380 1079 4464 ponuntur,
1114 4389 1222 4462 quum
1255 4365 1419 4463 plurimi⁴

105 4473 338 4576 ,cognatione
383 4502 462 4553 cum
495 4480 559 4554 diis
591 4479 767 4578 conjuncti
801 4504 875 4556 esse
910 4481 1148 4556 crederentur.
1165 4481 1275 4556 Nemo
1288 4480 1398 4555 nescit
1455 4549 1458 4555 .

170 4712 205 4781 ill
219 4712 257 4766 V.
276 4712 459 4768 Schoemanni
475 4710 761 4785 Antiquitateajuris
777 4710 886 4785 publici
901 4714 1079 4782 Graecorum,
1097 4730 1128 4785 p.
1147 4717 1182 4768 55
1192 4728 1237 4783 sq.
1256 4717 1286 4769 et
1296 4715 1394 4781 Grote‚
1440 4759 1443 4768 .

64 4798 71 4811 ‘
135 4801 218 4858 Hirr.
234 4818 339 4873 praec„
356 4815 386 4870 ιι,
404 4806 432 4867 6,
450 4817 526 4860 vers.
545 4803 668 4872 Gallicoe,
684 4818 769 4874 quam
783 4802 817 4858 de
829 4803 941 4859 sadans
955 4803 1053 4860 edidit.
